timestamp,buyer,seller,symbol,currency,price,quantity
100,,,PEARLS,SEASHELLS,10002,1
200,,,PEARLS,SEASHELLS,10002,1
300,,,PEARLS,SEASHELLS,10002,1
400,,,PEARLS,SEASHELLS,9998,2
400,,,PEARLS,SEASHELLS,9998,1
500,,,PEARLS,SEASHELLS,9998,2
500,,,PEARLS,SEASHELLS,9998,1
500,,,BANANAS,SEASHELLS,4952,9
600,,,PEARLS,SEASHELLS,10004,1
600,,,PEARLS,SEASHELLS,10002,1
600,,,BANANAS,SEASHELLS,4952,1
700,,,PEARLS,SEASHELLS,10004,1
700,,,PEARLS,SEASHELLS,10002,1
700,,,BANANAS,SEASHELLS,4952,1
800,,,PEARLS,SEASHELLS,10004,1
800,,,PEARLS,SEASHELLS,10002,1
800,,,BANANAS,SEASHELLS,4952,1
900,,,PEARLS,SEASHELLS,10004,1
900,,,PEARLS,SEASHELLS,10002,1
900,,,BANANAS,SEASHELLS,4952,1
1000,,,PEARLS,SEASHELLS,10004,1
1000,,,PEARLS,SEASHELLS,10002,1
1000,,,BANANAS,SEASHELLS,4952,1
1100,,,PEARLS,SEASHELLS,10004,1
1100,,,PEARLS,SEASHELLS,10002,1
1100,,,BANANAS,SEASHELLS,4952,1
1200,,,PEARLS,SEASHELLS,10004,1
1200,,,PEARLS,SEASHELLS,10002,1
1200,,,BANANAS,SEASHELLS,4952,1
1300,,,PEARLS,SEASHELLS,10004,1
1300,,,PEARLS,SEASHELLS,10002,1
1300,,,BANANAS,SEASHELLS,4952,1
1400,,,PEARLS,SEASHELLS,10004,1
1400,,,PEARLS,SEASHELLS,10002,1
1400,,,BANANAS,SEASHELLS,4945,1
1500,,,PEARLS,SEASHELLS,10004,1
1500,,,PEARLS,SEASHELLS,10002,1
1500,,,BANANAS,SEASHELLS,4945,1
1600,,,PEARLS,SEASHELLS,10002,1
1600,,,BANANAS,SEASHELLS,4950,1
1700,,,PEARLS,SEASHELLS,10002,1
1700,,,BANANAS,SEASHELLS,4950,1
1800,,,PEARLS,SEASHELLS,10005,6
1800,,,BANANAS,SEASHELLS,4950,1
1900,,,PEARLS,SEASHELLS,10005,6
1900,,,BANANAS,SEASHELLS,4950,1
2000,,,PEARLS,SEASHELLS,10005,6
2000,,,BANANAS,SEASHELLS,4950,1
2100,,,PEARLS,SEASHELLS,10005,6
2100,,,BANANAS,SEASHELLS,4950,1
2200,,,PEARLS,SEASHELLS,10005,6
2200,,,BANANAS,SEASHELLS,4950,1
2300,,,PEARLS,SEASHELLS,10005,6
2300,,,BANANAS,SEASHELLS,4952,16
2400,,,PEARLS,SEASHELLS,10005,6
2400,,,BANANAS,SEASHELLS,4952,16
2500,,,PEARLS,SEASHELLS,10005,6
2500,,,BANANAS,SEASHELLS,4951,3
2600,,,PEARLS,SEASHELLS,10005,6
2600,,,BANANAS,SEASHELLS,4948,5
2700,,,PEARLS,SEASHELLS,9998,5
2700,,,BANANAS,SEASHELLS,4948,5
2800,,,PEARLS,SEASHELLS,9998,5
2800,,,BANANAS,SEASHELLS,4948,5
2900,,,PEARLS,SEASHELLS,9998,1
2900,,,BANANAS,SEASHELLS,4952,1
3000,,,PEARLS,SEASHELLS,9998,1
3000,,,BANANAS,SEASHELLS,4952,1
3100,,,PEARLS,SEASHELLS,9998,1
3100,,,BANANAS,SEASHELLS,4947,1
3200,,,PEARLS,SEASHELLS,9998,1
3200,,,BANANAS,SEASHELLS,4947,1
3300,,,PEARLS,SEASHELLS,9998,1
3300,,,BANANAS,SEASHELLS,4947,1
3400,,,PEARLS,SEASHELLS,9996,2
3400,,,PEARLS,SEASHELLS,9996,2
3400,,,BANANAS,SEASHELLS,4947,1
3500,,,PEARLS,SEASHELLS,9996,2
3500,,,PEARLS,SEASHELLS,9996,2
3500,,,BANANAS,SEASHELLS,4947,1
3600,,,PEARLS,SEASHELLS,9996,2
3600,,,PEARLS,SEASHELLS,9996,2
3600,,,BANANAS,SEASHELLS,4947,1
3700,,,PEARLS,SEASHELLS,9996,2
3700,,,PEARLS,SEASHELLS,9996,2
3700,,,BANANAS,SEASHELLS,4952,1
3800,,,PEARLS,SEASHELLS,9996,2
3800,,,PEARLS,SEASHELLS,9996,2
3800,,,BANANAS,SEASHELLS,4952,1
3900,,,PEARLS,SEASHELLS,9996,2
3900,,,PEARLS,SEASHELLS,9996,2
3900,,,BANANAS,SEASHELLS,4952,1
4000,,,PEARLS,SEASHELLS,9996,2
4000,,,PEARLS,SEASHELLS,9996,2
4000,,,BANANAS,SEASHELLS,4952,1
4100,,,PEARLS,SEASHELLS,9996,2
4100,,,PEARLS,SEASHELLS,9996,2
4100,,,BANANAS,SEASHELLS,4952,1
4200,,,PEARLS,SEASHELLS,9996,2
4200,,,PEARLS,SEASHELLS,9996,2
4200,,,BANANAS,SEASHELLS,4952,1
4300,,,PEARLS,SEASHELLS,9996,2
4300,,,PEARLS,SEASHELLS,9996,2
4300,,,BANANAS,SEASHELLS,4947,12
4400,,,PEARLS,SEASHELLS,9996,2
4400,,,PEARLS,SEASHELLS,9995,1
4400,,,PEARLS,SEASHELLS,9996,1
4400,,,BANANAS,SEASHELLS,4946,1
4500,,,PEARLS,SEASHELLS,9998,1
4500,,,BANANAS,SEASHELLS,4946,1
4600,,,PEARLS,SEASHELLS,9998,1
4600,,,BANANAS,SEASHELLS,4946,1
4700,,,PEARLS,SEASHELLS,9998,1
4700,,,BANANAS,SEASHELLS,4947,4
4800,,,PEARLS,SEASHELLS,9998,1
4800,,,BANANAS,SEASHELLS,4947,4
4800,,,BANANAS,SEASHELLS,4947,8
4900,,,PEARLS,SEASHELLS,9998,1
4900,,,BANANAS,SEASHELLS,4951,1
5000,,,PEARLS,SEASHELLS,9998,1
5000,,,PEARLS,SEASHELLS,9998,4
5000,,,BANANAS,SEASHELLS,4951,1
5100,,,PEARLS,SEASHELLS,9998,1
5100,,,PEARLS,SEASHELLS,9998,4
5100,,,BANANAS,SEASHELLS,4948,1
5200,,,PEARLS,SEASHELLS,9998,1
5200,,,PEARLS,SEASHELLS,9998,4
5200,,,BANANAS,SEASHELLS,4948,1
5300,,,PEARLS,SEASHELLS,9998,1
5300,,,PEARLS,SEASHELLS,9998,4
5300,,,BANANAS,SEASHELLS,4948,1
5400,,,PEARLS,SEASHELLS,9998,1
5400,,,PEARLS,SEASHELLS,9998,4
5400,,,BANANAS,SEASHELLS,4948,1
5500,,,PEARLS,SEASHELLS,9998,1
5500,,,PEARLS,SEASHELLS,9998,4
5500,,,BANANAS,SEASHELLS,4948,1
5600,,,PEARLS,SEASHELLS,9998,1
5600,,,PEARLS,SEASHELLS,9998,4
5600,,,BANANAS,SEASHELLS,4948,1
5700,,,PEARLS,SEASHELLS,9998,1
5700,,,PEARLS,SEASHELLS,9998,4
5700,,,BANANAS,SEASHELLS,4948,1
5800,,,PEARLS,SEASHELLS,9998,1
5800,,,PEARLS,SEASHELLS,9998,4
5800,,,BANANAS,SEASHELLS,4948,1
5900,,,PEARLS,SEASHELLS,9998,1
5900,,,PEARLS,SEASHELLS,9998,4
5900,,,BANANAS,SEASHELLS,4948,1
6000,,,PEARLS,SEASHELLS,9998,1
6000,,,PEARLS,SEASHELLS,9998,4
6000,,,BANANAS,SEASHELLS,4948,1
6100,,,PEARLS,SEASHELLS,9998,1
6100,,,PEARLS,SEASHELLS,9998,4
6100,,,BANANAS,SEASHELLS,4948,1
6200,,,PEARLS,SEASHELLS,9998,1
6200,,,PEARLS,SEASHELLS,9998,4
6200,,,BANANAS,SEASHELLS,4948,1
6300,,,PEARLS,SEASHELLS,9998,1
6300,,,PEARLS,SEASHELLS,9998,4
6300,,,BANANAS,SEASHELLS,4948,13
6400,,,PEARLS,SEASHELLS,9998,1
6400,,,PEARLS,SEASHELLS,9998,4
6400,,,BANANAS,SEASHELLS,4948,1
6500,,,PEARLS,SEASHELLS,9998,1
6500,,,PEARLS,SEASHELLS,9998,4
6500,,,BANANAS,SEASHELLS,4948,1
6600,,,PEARLS,SEASHELLS,9998,1
6600,,,PEARLS,SEASHELLS,9998,4
6600,,,BANANAS,SEASHELLS,4948,1
6700,,,PEARLS,SEASHELLS,9998,1
6700,,,PEARLS,SEASHELLS,9998,4
6700,,,BANANAS,SEASHELLS,4955,18
6800,,,PEARLS,SEASHELLS,10002,4
6800,,,BANANAS,SEASHELLS,4955,18
6900,,,PEARLS,SEASHELLS,9998,1
6900,,,PEARLS,SEASHELLS,9996,1
6900,,,PEARLS,SEASHELLS,9996,1
6900,,,BANANAS,SEASHELLS,4948,1
6900,,,BANANAS,SEASHELLS,4948,1
7000,,,PEARLS,SEASHELLS,9998,1
7000,,,PEARLS,SEASHELLS,9996,1
7000,,,PEARLS,SEASHELLS,9996,1
7000,,,BANANAS,SEASHELLS,4948,1
7000,,,BANANAS,SEASHELLS,4948,1
7100,,,PEARLS,SEASHELLS,9998,1
7100,,,PEARLS,SEASHELLS,9996,1
7100,,,PEARLS,SEASHELLS,9996,1
7100,,,BANANAS,SEASHELLS,4948,1
7100,,,BANANAS,SEASHELLS,4948,1
7200,,,PEARLS,SEASHELLS,9998,1
7200,,,PEARLS,SEASHELLS,9996,1
7200,,,PEARLS,SEASHELLS,9996,1
7200,,,BANANAS,SEASHELLS,4948,1
7200,,,BANANAS,SEASHELLS,4948,1
7300,,,PEARLS,SEASHELLS,10004,1
7300,,,BANANAS,SEASHELLS,4954,1
7400,,,PEARLS,SEASHELLS,10004,1
7400,,,BANANAS,SEASHELLS,4954,1
7500,,,PEARLS,SEASHELLS,10002,1
7500,,,BANANAS,SEASHELLS,4954,1
7600,,,PEARLS,SEASHELLS,10002,1
7600,,,BANANAS,SEASHELLS,4954,1
7700,,,PEARLS,SEASHELLS,10002,1
7700,,,BANANAS,SEASHELLS,4946,2
7800,,,PEARLS,SEASHELLS,10005,1
7800,,,BANANAS,SEASHELLS,4952,1
7800,,,BANANAS,SEASHELLS,4951,1
7900,,,PEARLS,SEASHELLS,10002,1
7900,,,BANANAS,SEASHELLS,4951,1
8000,,,PEARLS,SEASHELLS,10002,1
8000,,,BANANAS,SEASHELLS,4951,1
8100,,,PEARLS,SEASHELLS,10002,1
8100,,,BANANAS,SEASHELLS,4951,1
8200,,,PEARLS,SEASHELLS,10002,1
8200,,,BANANAS,SEASHELLS,4951,1
8300,,,PEARLS,SEASHELLS,9998,1
8300,,,BANANAS,SEASHELLS,4949,2
8400,,,PEARLS,SEASHELLS,9998,1
8400,,,BANANAS,SEASHELLS,4949,2
8500,,,PEARLS,SEASHELLS,9998,1
8500,,,BANANAS,SEASHELLS,4949,2
8600,,,PEARLS,SEASHELLS,9998,1
8600,,,BANANAS,SEASHELLS,4949,2
8700,,,PEARLS,SEASHELLS,9998,1
8700,,,BANANAS,SEASHELLS,4949,2
8800,,,PEARLS,SEASHELLS,9998,1
8800,,,BANANAS,SEASHELLS,4946,1
8900,,,PEARLS,SEASHELLS,9998,1
8900,,,BANANAS,SEASHELLS,4946,1
9000,,,PEARLS,SEASHELLS,10002,5
9000,,,BANANAS,SEASHELLS,4946,1
9100,,,PEARLS,SEASHELLS,10002,5
9100,,,BANANAS,SEASHELLS,4946,1
9200,,,PEARLS,SEASHELLS,10002,5
9200,,,BANANAS,SEASHELLS,4946,1
9300,,,PEARLS,SEASHELLS,10002,5
9300,,,BANANAS,SEASHELLS,4946,1
9400,,,PEARLS,SEASHELLS,10002,5
9400,,,BANANAS,SEASHELLS,4946,1
9500,,,PEARLS,SEASHELLS,10002,5
9500,,,BANANAS,SEASHELLS,4946,1
9600,,,PEARLS,SEASHELLS,10002,5
9600,,,BANANAS,SEASHELLS,4946,1
9700,,,PEARLS,SEASHELLS,10002,5
9700,,,BANANAS,SEASHELLS,4946,1
9800,,,PEARLS,SEASHELLS,10002,5
9800,,,BANANAS,SEASHELLS,4946,1
9900,,,PEARLS,SEASHELLS,10002,5
9900,,,BANANAS,SEASHELLS,4946,1
10000,,,PEARLS,SEASHELLS,10002,5
10000,,,BANANAS,SEASHELLS,4946,1
10100,,,PEARLS,SEASHELLS,10002,5
10100,,,BANANAS,SEASHELLS,4946,1
10200,,,PEARLS,SEASHELLS,10002,5
10200,,,BANANAS,SEASHELLS,4946,1
10300,,,PEARLS,SEASHELLS,10002,5
10300,,,BANANAS,SEASHELLS,4946,1
10400,,,PEARLS,SEASHELLS,10004,2
10400,,,BANANAS,SEASHELLS,4947,2
10500,,,PEARLS,SEASHELLS,10004,2
10500,,,BANANAS,SEASHELLS,4947,2
10600,,,PEARLS,SEASHELLS,10004,2
10600,,,BANANAS,SEASHELLS,4947,2
10700,,,PEARLS,SEASHELLS,9998,1
10700,,,PEARLS,SEASHELLS,9998,1
10700,,,BANANAS,SEASHELLS,4947,2
10800,,,PEARLS,SEASHELLS,9998,1
10800,,,PEARLS,SEASHELLS,9998,1
10800,,,BANANAS,SEASHELLS,4946,1
10900,,,PEARLS,SEASHELLS,10002,1
10900,,,BANANAS,SEASHELLS,4946,1
11000,,,PEARLS,SEASHELLS,10002,1
11000,,,BANANAS,SEASHELLS,4946,1
11100,,,PEARLS,SEASHELLS,10002,1
11100,,,BANANAS,SEASHELLS,4946,1
11200,,,PEARLS,SEASHELLS,9996,2
11200,,,BANANAS,SEASHELLS,4946,1
11300,,,PEARLS,SEASHELLS,9996,2
11300,,,BANANAS,SEASHELLS,4946,1
11400,,,PEARLS,SEASHELLS,9998,1
11400,,,BANANAS,SEASHELLS,4950,1
11500,,,PEARLS,SEASHELLS,9998,1
11500,,,BANANAS,SEASHELLS,4950,1
11600,,,PEARLS,SEASHELLS,9998,1
11600,,,BANANAS,SEASHELLS,4950,1
11700,,,PEARLS,SEASHELLS,9998,1
11700,,,BANANAS,SEASHELLS,4950,1
11800,,,PEARLS,SEASHELLS,9998,1
11800,,,BANANAS,SEASHELLS,4950,1
11900,,,PEARLS,SEASHELLS,9998,1
11900,,,BANANAS,SEASHELLS,4950,1
12000,,,PEARLS,SEASHELLS,9998,1
12000,,,BANANAS,SEASHELLS,4950,1
12100,,,PEARLS,SEASHELLS,10002,1
12100,,,BANANAS,SEASHELLS,4950,1
12200,,,PEARLS,SEASHELLS,10002,1
12200,,,BANANAS,SEASHELLS,4950,1
12300,,,PEARLS,SEASHELLS,10002,1
12300,,,BANANAS,SEASHELLS,4950,1
12400,,,PEARLS,SEASHELLS,10002,1
12400,,,BANANAS,SEASHELLS,4950,1
12500,,,PEARLS,SEASHELLS,10002,1
12500,,,BANANAS,SEASHELLS,4950,1
12600,,,PEARLS,SEASHELLS,10002,5
12600,,,BANANAS,SEASHELLS,4950,1
12700,,,PEARLS,SEASHELLS,10002,5
12700,,,BANANAS,SEASHELLS,4950,1
12800,,,PEARLS,SEASHELLS,10002,5
12800,,,BANANAS,SEASHELLS,4950,1
12900,,,PEARLS,SEASHELLS,10002,5
12900,,,BANANAS,SEASHELLS,4950,1
13000,,,PEARLS,SEASHELLS,10002,5
13000,,,BANANAS,SEASHELLS,4950,1
13100,,,PEARLS,SEASHELLS,10002,5
13100,,,BANANAS,SEASHELLS,4950,1
13200,,,PEARLS,SEASHELLS,10002,5
13200,,,BANANAS,SEASHELLS,4950,1
13300,,,PEARLS,SEASHELLS,10002,5
13300,,,BANANAS,SEASHELLS,4950,1
13400,,,PEARLS,SEASHELLS,10002,5
13400,,,BANANAS,SEASHELLS,4950,1
13500,,,PEARLS,SEASHELLS,10002,5
13500,,,BANANAS,SEASHELLS,4950,1
13600,,,PEARLS,SEASHELLS,10002,5
13600,,,BANANAS,SEASHELLS,4950,1
13700,,,PEARLS,SEASHELLS,9998,1
13700,,,BANANAS,SEASHELLS,4950,1
13800,,,PEARLS,SEASHELLS,9998,1
13800,,,BANANAS,SEASHELLS,4950,1
13900,,,PEARLS,SEASHELLS,9998,1
13900,,,BANANAS,SEASHELLS,4950,1
14000,,,PEARLS,SEASHELLS,9998,1
14000,,,BANANAS,SEASHELLS,4950,1
14100,,,PEARLS,SEASHELLS,9996,1
14100,,,BANANAS,SEASHELLS,4948,1
14200,,,PEARLS,SEASHELLS,9996,1
14200,,,BANANAS,SEASHELLS,4948,1
14300,,,PEARLS,SEASHELLS,9996,1
14300,,,BANANAS,SEASHELLS,4943,1
14400,,,PEARLS,SEASHELLS,9996,1
14400,,,BANANAS,SEASHELLS,4943,1
14500,,,PEARLS,SEASHELLS,9996,1
14500,,,BANANAS,SEASHELLS,4943,1
14600,,,PEARLS,SEASHELLS,9996,1
14600,,,BANANAS,SEASHELLS,4943,1
14700,,,PEARLS,SEASHELLS,9996,1
14700,,,BANANAS,SEASHELLS,4943,1
14800,,,PEARLS,SEASHELLS,9996,1
14800,,,BANANAS,SEASHELLS,4943,1
14900,,,PEARLS,SEASHELLS,9996,1
14900,,,BANANAS,SEASHELLS,4943,1
15000,,,PEARLS,SEASHELLS,9996,1
15000,,,BANANAS,SEASHELLS,4943,1
15100,,,PEARLS,SEASHELLS,9996,1
15100,,,BANANAS,SEASHELLS,4943,1
15200,,,PEARLS,SEASHELLS,10002,1
15200,,,BANANAS,SEASHELLS,4948,1
15300,,,PEARLS,SEASHELLS,10002,1
15300,,,BANANAS,SEASHELLS,4948,1
15400,,,PEARLS,SEASHELLS,10002,1
15400,,,BANANAS,SEASHELLS,4948,1
15500,,,PEARLS,SEASHELLS,10002,1
15500,,,BANANAS,SEASHELLS,4948,1
15600,,,PEARLS,SEASHELLS,10002,1
15600,,,BANANAS,SEASHELLS,4948,1
15700,,,PEARLS,SEASHELLS,10002,1
15700,,,BANANAS,SEASHELLS,4948,1
15800,,,PEARLS,SEASHELLS,9998,4
15800,,,BANANAS,SEASHELLS,4948,1
15900,,,PEARLS,SEASHELLS,9998,4
15900,,,BANANAS,SEASHELLS,4948,1
16000,,,PEARLS,SEASHELLS,9998,4
16000,,,BANANAS,SEASHELLS,4948,1
16100,,,PEARLS,SEASHELLS,9998,4
16100,,,BANANAS,SEASHELLS,4945,10
16200,,,PEARLS,SEASHELLS,9998,4
16200,,,BANANAS,SEASHELLS,4945,10
16300,,,PEARLS,SEASHELLS,9998,4
16300,,,BANANAS,SEASHELLS,4945,10
16400,,,PEARLS,SEASHELLS,9998,4
16400,,,BANANAS,SEASHELLS,4945,10
16500,,,PEARLS,SEASHELLS,9998,4
16500,,,BANANAS,SEASHELLS,4945,10
16600,,,PEARLS,SEASHELLS,9998,4
16600,,,BANANAS,SEASHELLS,4945,10
16700,,,PEARLS,SEASHELLS,9998,4
16700,,,BANANAS,SEASHELLS,4945,10
16800,,,PEARLS,SEASHELLS,9998,4
16800,,,BANANAS,SEASHELLS,4945,10
16900,,,PEARLS,SEASHELLS,10002,2
16900,,,BANANAS,SEASHELLS,4949,2
17000,,,PEARLS,SEASHELLS,10002,2
17000,,,BANANAS,SEASHELLS,4949,2
17100,,,PEARLS,SEASHELLS,10002,2
17100,,,BANANAS,SEASHELLS,4945,1
17200,,,PEARLS,SEASHELLS,10002,2
17200,,,BANANAS,SEASHELLS,4945,1
17300,,,PEARLS,SEASHELLS,10002,2
17300,,,BANANAS,SEASHELLS,4945,1
17400,,,PEARLS,SEASHELLS,9998,1
17400,,,BANANAS,SEASHELLS,4947,2
17500,,,PEARLS,SEASHELLS,9998,1
17500,,,BANANAS,SEASHELLS,4947,2
17600,,,PEARLS,SEASHELLS,9998,1
17600,,,BANANAS,SEASHELLS,4947,2
17700,,,PEARLS,SEASHELLS,9998,1
17700,,,BANANAS,SEASHELLS,4947,2
17800,,,PEARLS,SEASHELLS,9998,1
17800,,,BANANAS,SEASHELLS,4947,2
17900,,,PEARLS,SEASHELLS,9998,1
17900,,,BANANAS,SEASHELLS,4947,2
18000,,,PEARLS,SEASHELLS,9998,1
18000,,,BANANAS,SEASHELLS,4947,2
18100,,,PEARLS,SEASHELLS,9998,1
18100,,,BANANAS,SEASHELLS,4947,2
18200,,,PEARLS,SEASHELLS,9998,1
18200,,,BANANAS,SEASHELLS,4947,2
18300,,,PEARLS,SEASHELLS,9998,1
18300,,,BANANAS,SEASHELLS,4947,2
18400,,,PEARLS,SEASHELLS,9998,1
18400,,,BANANAS,SEASHELLS,4947,2
18500,,,PEARLS,SEASHELLS,9998,1
18500,,,BANANAS,SEASHELLS,4947,2
18600,,,PEARLS,SEASHELLS,10002,1
18600,,,BANANAS,SEASHELLS,4947,2
18700,,,PEARLS,SEASHELLS,10002,1
18700,,,BANANAS,SEASHELLS,4947,2
18800,,,PEARLS,SEASHELLS,10002,1
18800,,,BANANAS,SEASHELLS,4947,2
18900,,,PEARLS,SEASHELLS,10002,1
18900,,,BANANAS,SEASHELLS,4947,2
19000,,,PEARLS,SEASHELLS,10004,1
19000,,,BANANAS,SEASHELLS,4945,1
19100,,,PEARLS,SEASHELLS,10004,1
19100,,,BANANAS,SEASHELLS,4945,1
19200,,,PEARLS,SEASHELLS,10004,1
19200,,,BANANAS,SEASHELLS,4945,1
19300,,,PEARLS,SEASHELLS,10004,1
19300,,,BANANAS,SEASHELLS,4945,1
19400,,,PEARLS,SEASHELLS,10004,1
19400,,,BANANAS,SEASHELLS,4945,1
19500,,,PEARLS,SEASHELLS,10004,1
19500,,,BANANAS,SEASHELLS,4945,1
19600,,,PEARLS,SEASHELLS,10004,1
19600,,,BANANAS,SEASHELLS,4945,1
19700,,,PEARLS,SEASHELLS,10004,1
19700,,,BANANAS,SEASHELLS,4945,1
19800,,,PEARLS,SEASHELLS,10004,1
19800,,,BANANAS,SEASHELLS,4945,1
19900,,,PEARLS,SEASHELLS,10004,1
19900,,,BANANAS,SEASHELLS,4945,1
20000,,,PEARLS,SEASHELLS,10004,1
20000,,,BANANAS,SEASHELLS,4945,1
20100,,,PEARLS,SEASHELLS,9998,1
20100,,,BANANAS,SEASHELLS,4945,1
20200,,,PEARLS,SEASHELLS,9998,1
20200,,,BANANAS,SEASHELLS,4945,1
20300,,,PEARLS,SEASHELLS,9998,1
20300,,,BANANAS,SEASHELLS,4945,1
20400,,,PEARLS,SEASHELLS,9998,1
20400,,,BANANAS,SEASHELLS,4946,2
20400,,,BANANAS,SEASHELLS,4946,8
20500,,,PEARLS,SEASHELLS,9998,1
20500,,,BANANAS,SEASHELLS,4946,2
20500,,,BANANAS,SEASHELLS,4946,8
20600,,,PEARLS,SEASHELLS,9998,1
20600,,,BANANAS,SEASHELLS,4946,2
20600,,,BANANAS,SEASHELLS,4946,8
20700,,,PEARLS,SEASHELLS,10004,1
20700,,,BANANAS,SEASHELLS,4953,1
20800,,,PEARLS,SEASHELLS,10004,1
20800,,,BANANAS,SEASHELLS,4953,1
20900,,,PEARLS,SEASHELLS,10004,1
20900,,,BANANAS,SEASHELLS,4953,1
21000,,,PEARLS,SEASHELLS,10004,1
21000,,,BANANAS,SEASHELLS,4953,1
21100,,,PEARLS,SEASHELLS,10004,1
21100,,,BANANAS,SEASHELLS,4953,1
21200,,,PEARLS,SEASHELLS,9998,1
21200,,,PEARLS,SEASHELLS,9998,1
21200,,,BANANAS,SEASHELLS,4949,1
21200,,,BANANAS,SEASHELLS,4949,1
21300,,,PEARLS,SEASHELLS,9998,1
21300,,,PEARLS,SEASHELLS,9998,1
21300,,,BANANAS,SEASHELLS,4949,1
21300,,,BANANAS,SEASHELLS,4949,1
21400,,,PEARLS,SEASHELLS,9998,1
21400,,,PEARLS,SEASHELLS,9998,1
21400,,,BANANAS,SEASHELLS,4949,1
21400,,,BANANAS,SEASHELLS,4949,1
21500,,,PEARLS,SEASHELLS,9998,1
21500,,,PEARLS,SEASHELLS,9998,1
21500,,,BANANAS,SEASHELLS,4949,1
21500,,,BANANAS,SEASHELLS,4949,1
21600,,,PEARLS,SEASHELLS,9998,1
21600,,,PEARLS,SEASHELLS,9998,1
21600,,,BANANAS,SEASHELLS,4949,1
21700,,,PEARLS,SEASHELLS,10002,1
21700,,,BANANAS,SEASHELLS,4949,1
21800,,,PEARLS,SEASHELLS,10002,1
21800,,,BANANAS,SEASHELLS,4948,1
21900,,,PEARLS,SEASHELLS,10002,1
21900,,,BANANAS,SEASHELLS,4948,1
22000,,,PEARLS,SEASHELLS,9996,1
22000,,,BANANAS,SEASHELLS,4948,1
22100,,,PEARLS,SEASHELLS,10000,2
22100,,,BANANAS,SEASHELLS,4948,1
22200,,,PEARLS,SEASHELLS,9996,1
22200,,,BANANAS,SEASHELLS,4948,1
22200,,,BANANAS,SEASHELLS,4948,1
22300,,,PEARLS,SEASHELLS,9996,1
22300,,,BANANAS,SEASHELLS,4948,1
22300,,,BANANAS,SEASHELLS,4948,1
22400,,,PEARLS,SEASHELLS,10002,1
22400,,,BANANAS,SEASHELLS,4948,1
22400,,,BANANAS,SEASHELLS,4948,1
22500,,,PEARLS,SEASHELLS,10002,1
22500,,,PEARLS,SEASHELLS,10002,2
22500,,,BANANAS,SEASHELLS,4948,1
22500,,,BANANAS,SEASHELLS,4948,1
22600,,,PEARLS,SEASHELLS,10002,6
22600,,,BANANAS,SEASHELLS,4948,1
22600,,,BANANAS,SEASHELLS,4948,1
22700,,,PEARLS,SEASHELLS,10002,6
22700,,,BANANAS,SEASHELLS,4948,1
22700,,,BANANAS,SEASHELLS,4948,1
22800,,,PEARLS,SEASHELLS,10002,6
22800,,,BANANAS,SEASHELLS,4948,1
22800,,,BANANAS,SEASHELLS,4948,1
22900,,,PEARLS,SEASHELLS,10002,6
22900,,,BANANAS,SEASHELLS,4948,1
22900,,,BANANAS,SEASHELLS,4948,1
23000,,,PEARLS,SEASHELLS,10002,6
23000,,,BANANAS,SEASHELLS,4948,1
23000,,,BANANAS,SEASHELLS,4948,1
23100,,,PEARLS,SEASHELLS,10002,6
23100,,,BANANAS,SEASHELLS,4948,1
23100,,,BANANAS,SEASHELLS,4948,1
23200,,,PEARLS,SEASHELLS,10002,6
23200,,,BANANAS,SEASHELLS,4948,1
23200,,,BANANAS,SEASHELLS,4948,1
23300,,,PEARLS,SEASHELLS,9998,1
23300,,,BANANAS,SEASHELLS,4948,14
23400,,,PEARLS,SEASHELLS,9998,1
23400,,,BANANAS,SEASHELLS,4948,14
23500,,,PEARLS,SEASHELLS,9998,1
23500,,,BANANAS,SEASHELLS,4948,14
23600,,,PEARLS,SEASHELLS,9998,1
23600,,,BANANAS,SEASHELLS,4948,14
23700,,,PEARLS,SEASHELLS,9998,1
23700,,,BANANAS,SEASHELLS,4952,3
23800,,,PEARLS,SEASHELLS,9998,1
23800,,,BANANAS,SEASHELLS,4952,3
23900,,,PEARLS,SEASHELLS,9998,1
23900,,,BANANAS,SEASHELLS,4952,3
24000,,,PEARLS,SEASHELLS,9998,1
24000,,,BANANAS,SEASHELLS,4953,1
24100,,,PEARLS,SEASHELLS,9998,1
24100,,,BANANAS,SEASHELLS,4953,1
24200,,,PEARLS,SEASHELLS,9998,1
24200,,,BANANAS,SEASHELLS,4953,1
24300,,,PEARLS,SEASHELLS,9998,1
24300,,,BANANAS,SEASHELLS,4953,1
24400,,,PEARLS,SEASHELLS,10002,5
24400,,,PEARLS,SEASHELLS,10002,1
24400,,,BANANAS,SEASHELLS,4953,1
24500,,,PEARLS,SEASHELLS,10002,5
24500,,,PEARLS,SEASHELLS,10002,1
24500,,,BANANAS,SEASHELLS,4949,1
24600,,,PEARLS,SEASHELLS,9998,1
24600,,,PEARLS,SEASHELLS,9998,1
24600,,,BANANAS,SEASHELLS,4949,1
24700,,,PEARLS,SEASHELLS,9998,1
24700,,,PEARLS,SEASHELLS,9998,1
24700,,,BANANAS,SEASHELLS,4949,1
24800,,,PEARLS,SEASHELLS,10004,1
24800,,,BANANAS,SEASHELLS,4951,1
24900,,,PEARLS,SEASHELLS,10004,1
24900,,,BANANAS,SEASHELLS,4951,1
25000,,,PEARLS,SEASHELLS,10004,1
25000,,,BANANAS,SEASHELLS,4951,1
25100,,,PEARLS,SEASHELLS,10004,1
25100,,,BANANAS,SEASHELLS,4951,1
25200,,,PEARLS,SEASHELLS,10005,2
25200,,,BANANAS,SEASHELLS,4944,1
25300,,,PEARLS,SEASHELLS,10005,2
25300,,,BANANAS,SEASHELLS,4944,1
25400,,,PEARLS,SEASHELLS,9996,1
25400,,,BANANAS,SEASHELLS,4944,1
25500,,,PEARLS,SEASHELLS,10004,1
25500,,,BANANAS,SEASHELLS,4951,1
25600,,,PEARLS,SEASHELLS,10004,1
25600,,,BANANAS,SEASHELLS,4951,1
25700,,,PEARLS,SEASHELLS,10004,1
25700,,,BANANAS,SEASHELLS,4951,1
25800,,,PEARLS,SEASHELLS,10004,1
25800,,,BANANAS,SEASHELLS,4951,1
25900,,,PEARLS,SEASHELLS,10004,1
25900,,,BANANAS,SEASHELLS,4951,1
26000,,,PEARLS,SEASHELLS,10004,1
26000,,,BANANAS,SEASHELLS,4951,1
26100,,,PEARLS,SEASHELLS,10004,1
26100,,,BANANAS,SEASHELLS,4951,1
26200,,,PEARLS,SEASHELLS,10004,1
26200,,,BANANAS,SEASHELLS,4951,1
26300,,,PEARLS,SEASHELLS,10004,1
26300,,,BANANAS,SEASHELLS,4951,1
26400,,,PEARLS,SEASHELLS,10004,1
26400,,,BANANAS,SEASHELLS,4945,1
26500,,,PEARLS,SEASHELLS,10004,1
26500,,,BANANAS,SEASHELLS,4950,1
26600,,,PEARLS,SEASHELLS,10002,2
26600,,,BANANAS,SEASHELLS,4950,1
26600,,,BANANAS,SEASHELLS,4949,2
26700,,,PEARLS,SEASHELLS,10002,3
26700,,,BANANAS,SEASHELLS,4950,1
26700,,,BANANAS,SEASHELLS,4949,2
26800,,,PEARLS,SEASHELLS,10002,3
26800,,,BANANAS,SEASHELLS,4950,1
26800,,,BANANAS,SEASHELLS,4949,2
26900,,,PEARLS,SEASHELLS,10002,3
26900,,,BANANAS,SEASHELLS,4950,1
26900,,,BANANAS,SEASHELLS,4949,2
27000,,,PEARLS,SEASHELLS,9998,1
27000,,,BANANAS,SEASHELLS,4950,1
27000,,,BANANAS,SEASHELLS,4949,2
27100,,,PEARLS,SEASHELLS,9998,1
27100,,,BANANAS,SEASHELLS,4950,1
27100,,,BANANAS,SEASHELLS,4949,2
27200,,,PEARLS,SEASHELLS,9998,1
27200,,,BANANAS,SEASHELLS,4950,1
27200,,,BANANAS,SEASHELLS,4949,2
27300,,,PEARLS,SEASHELLS,9998,1
27300,,,BANANAS,SEASHELLS,4950,3
27400,,,PEARLS,SEASHELLS,9998,1
27400,,,BANANAS,SEASHELLS,4950,3
27500,,,PEARLS,SEASHELLS,10004,1
27500,,,BANANAS,SEASHELLS,4950,3
27600,,,PEARLS,SEASHELLS,10004,1
27600,,,BANANAS,SEASHELLS,4947,1
27700,,,PEARLS,SEASHELLS,9998,1
27700,,,BANANAS,SEASHELLS,4947,1
27800,,,PEARLS,SEASHELLS,9996,2
27800,,,PEARLS,SEASHELLS,9996,4
27800,,,BANANAS,SEASHELLS,4952,2
27800,,,BANANAS,SEASHELLS,4952,1
27900,,,PEARLS,SEASHELLS,9996,2
27900,,,PEARLS,SEASHELLS,9996,4
27900,,,BANANAS,SEASHELLS,4952,2
27900,,,BANANAS,SEASHELLS,4952,1
28000,,,PEARLS,SEASHELLS,9998,4
28000,,,BANANAS,SEASHELLS,4952,2
28000,,,BANANAS,SEASHELLS,4952,1
28100,,,PEARLS,SEASHELLS,10002,1
28100,,,BANANAS,SEASHELLS,4951,1
28200,,,PEARLS,SEASHELLS,9995,1
28200,,,BANANAS,SEASHELLS,4945,1
28300,,,PEARLS,SEASHELLS,9995,1
28300,,,BANANAS,SEASHELLS,4945,1
28400,,,PEARLS,SEASHELLS,9995,1
28400,,,BANANAS,SEASHELLS,4945,1
28500,,,PEARLS,SEASHELLS,9995,1
28500,,,BANANAS,SEASHELLS,4945,1
28600,,,PEARLS,SEASHELLS,9995,1
28600,,,BANANAS,SEASHELLS,4948,1
28700,,,PEARLS,SEASHELLS,9995,1
28700,,,BANANAS,SEASHELLS,4948,1
28800,,,PEARLS,SEASHELLS,9996,1
28800,,,PEARLS,SEASHELLS,9996,7
28800,,,BANANAS,SEASHELLS,4948,1
28900,,,PEARLS,SEASHELLS,9996,1
28900,,,PEARLS,SEASHELLS,9996,7
28900,,,BANANAS,SEASHELLS,4948,1
29000,,,PEARLS,SEASHELLS,9996,1
29000,,,PEARLS,SEASHELLS,9996,7
29000,,,BANANAS,SEASHELLS,4948,1
29100,,,PEARLS,SEASHELLS,10005,1
29100,,,BANANAS,SEASHELLS,4956,1
29200,,,PEARLS,SEASHELLS,10002,1
29200,,,PEARLS,SEASHELLS,10002,1
29200,,,BANANAS,SEASHELLS,4956,1
29300,,,PEARLS,SEASHELLS,10002,1
29300,,,PEARLS,SEASHELLS,10002,1
29300,,,BANANAS,SEASHELLS,4950,1
29400,,,PEARLS,SEASHELLS,10002,1
29400,,,PEARLS,SEASHELLS,10002,1
29400,,,BANANAS,SEASHELLS,4950,1
29500,,,PEARLS,SEASHELLS,10002,1
29500,,,PEARLS,SEASHELLS,10002,1
29500,,,BANANAS,SEASHELLS,4954,4
29600,,,PEARLS,SEASHELLS,10002,1
29600,,,PEARLS,SEASHELLS,10002,1
29600,,,BANANAS,SEASHELLS,4954,4
29700,,,PEARLS,SEASHELLS,10002,1
29700,,,PEARLS,SEASHELLS,10002,1
29700,,,BANANAS,SEASHELLS,4954,4
29800,,,PEARLS,SEASHELLS,10002,1
29800,,,PEARLS,SEASHELLS,10002,1
29800,,,BANANAS,SEASHELLS,4954,4
29900,,,PEARLS,SEASHELLS,10002,4
29900,,,BANANAS,SEASHELLS,4954,4
30000,,,PEARLS,SEASHELLS,10002,4
30000,,,BANANAS,SEASHELLS,4955,1
30100,,,PEARLS,SEASHELLS,10002,4
30100,,,BANANAS,SEASHELLS,4955,1
30200,,,PEARLS,SEASHELLS,10002,4
30200,,,BANANAS,SEASHELLS,4955,1
30300,,,PEARLS,SEASHELLS,10002,4
30300,,,BANANAS,SEASHELLS,4955,1
30400,,,PEARLS,SEASHELLS,10002,4
30400,,,BANANAS,SEASHELLS,4955,1
30500,,,PEARLS,SEASHELLS,10002,4
30500,,,BANANAS,SEASHELLS,4955,1
30600,,,PEARLS,SEASHELLS,10002,4
30600,,,BANANAS,SEASHELLS,4955,1
30700,,,PEARLS,SEASHELLS,10002,4
30700,,,BANANAS,SEASHELLS,4953,1
30800,,,PEARLS,SEASHELLS,10002,4
30800,,,BANANAS,SEASHELLS,4953,1
30800,,,BANANAS,SEASHELLS,4953,3
30900,,,PEARLS,SEASHELLS,10002,4
30900,,,BANANAS,SEASHELLS,4953,1
30900,,,BANANAS,SEASHELLS,4953,3
31000,,,PEARLS,SEASHELLS,10002,4
31000,,,BANANAS,SEASHELLS,4953,1
31000,,,BANANAS,SEASHELLS,4953,3
31100,,,PEARLS,SEASHELLS,10002,4
31100,,,BANANAS,SEASHELLS,4953,1
31100,,,BANANAS,SEASHELLS,4953,3
31200,,,PEARLS,SEASHELLS,10002,4
31200,,,BANANAS,SEASHELLS,4950,1
31300,,,PEARLS,SEASHELLS,10002,4
31300,,,BANANAS,SEASHELLS,4950,1
31400,,,PEARLS,SEASHELLS,10002,4
31400,,,BANANAS,SEASHELLS,4950,1
31500,,,PEARLS,SEASHELLS,10002,4
31500,,,BANANAS,SEASHELLS,4951,1
31600,,,PEARLS,SEASHELLS,10002,4
31600,,,BANANAS,SEASHELLS,4951,1
31700,,,PEARLS,SEASHELLS,10002,4
31700,,,BANANAS,SEASHELLS,4951,1
31800,,,PEARLS,SEASHELLS,9998,1
31800,,,PEARLS,SEASHELLS,9998,3
31800,,,BANANAS,SEASHELLS,4956,1
31900,,,PEARLS,SEASHELLS,9998,1
31900,,,PEARLS,SEASHELLS,9998,3
31900,,,BANANAS,SEASHELLS,4956,1
32000,,,PEARLS,SEASHELLS,10002,1
32000,,,BANANAS,SEASHELLS,4956,1
32100,,,PEARLS,SEASHELLS,10002,1
32100,,,BANANAS,SEASHELLS,4956,1
32200,,,PEARLS,SEASHELLS,10002,1
32200,,,BANANAS,SEASHELLS,4956,1
32300,,,PEARLS,SEASHELLS,10002,1
32300,,,BANANAS,SEASHELLS,4956,1
32400,,,PEARLS,SEASHELLS,10002,1
32400,,,BANANAS,SEASHELLS,4956,1
32500,,,PEARLS,SEASHELLS,10002,1
32500,,,BANANAS,SEASHELLS,4956,1
32600,,,PEARLS,SEASHELLS,10002,1
32600,,,BANANAS,SEASHELLS,4956,1
32700,,,PEARLS,SEASHELLS,10002,1
32700,,,BANANAS,SEASHELLS,4956,1
32800,,,PEARLS,SEASHELLS,10002,1
32800,,,BANANAS,SEASHELLS,4956,1
32900,,,PEARLS,SEASHELLS,10002,1
32900,,,BANANAS,SEASHELLS,4956,1
33000,,,PEARLS,SEASHELLS,10002,1
33000,,,BANANAS,SEASHELLS,4956,1
33100,,,PEARLS,SEASHELLS,10002,1
33100,,,BANANAS,SEASHELLS,4956,1
33200,,,PEARLS,SEASHELLS,10002,1
33200,,,BANANAS,SEASHELLS,4956,1
33300,,,PEARLS,SEASHELLS,10002,1
33300,,,BANANAS,SEASHELLS,4956,1
33400,,,PEARLS,SEASHELLS,10002,1
33400,,,BANANAS,SEASHELLS,4956,1
33500,,,PEARLS,SEASHELLS,10002,1
33500,,,BANANAS,SEASHELLS,4956,1
33600,,,PEARLS,SEASHELLS,10002,1
33600,,,BANANAS,SEASHELLS,4956,1
33700,,,PEARLS,SEASHELLS,9998,1
33700,,,BANANAS,SEASHELLS,4950,7
33800,,,PEARLS,SEASHELLS,9998,1
33800,,,BANANAS,SEASHELLS,4950,7
33900,,,PEARLS,SEASHELLS,10002,1
33900,,,BANANAS,SEASHELLS,4950,7
34000,,,PEARLS,SEASHELLS,10005,2
34000,,,BANANAS,SEASHELLS,4955,2
34100,,,PEARLS,SEASHELLS,10005,2
34100,,,BANANAS,SEASHELLS,4949,1
34200,,,PEARLS,SEASHELLS,10005,2
34200,,,BANANAS,SEASHELLS,4949,1
34300,,,PEARLS,SEASHELLS,9996,1
34300,,,PEARLS,SEASHELLS,9995,2
34300,,,PEARLS,SEASHELLS,9996,2
34300,,,BANANAS,SEASHELLS,4949,1
34400,,,PEARLS,SEASHELLS,9996,1
34400,,,PEARLS,SEASHELLS,9995,2
34400,,,PEARLS,SEASHELLS,9996,2
34400,,,BANANAS,SEASHELLS,4949,1
34500,,,PEARLS,SEASHELLS,9996,1
34500,,,PEARLS,SEASHELLS,9995,2
34500,,,PEARLS,SEASHELLS,9996,2
34500,,,BANANAS,SEASHELLS,4949,1
34600,,,PEARLS,SEASHELLS,9996,1
34600,,,PEARLS,SEASHELLS,9995,2
34600,,,PEARLS,SEASHELLS,9996,2
34600,,,BANANAS,SEASHELLS,4949,1
34700,,,PEARLS,SEASHELLS,9996,1
34700,,,PEARLS,SEASHELLS,9995,2
34700,,,PEARLS,SEASHELLS,9996,2
34700,,,BANANAS,SEASHELLS,4949,1
34800,,,PEARLS,SEASHELLS,9998,5
34800,,,BANANAS,SEASHELLS,4949,1
34900,,,PEARLS,SEASHELLS,10002,1
34900,,,BANANAS,SEASHELLS,4949,1
35000,,,PEARLS,SEASHELLS,10002,1
35000,,,BANANAS,SEASHELLS,4949,1
35000,,,BANANAS,SEASHELLS,4949,2
35100,,,PEARLS,SEASHELLS,10002,1
35100,,,BANANAS,SEASHELLS,4949,1
35100,,,BANANAS,SEASHELLS,4949,2
35200,,,PEARLS,SEASHELLS,10002,1
35200,,,BANANAS,SEASHELLS,4949,1
35200,,,BANANAS,SEASHELLS,4949,2
35300,,,PEARLS,SEASHELLS,10002,1
35300,,,BANANAS,SEASHELLS,4949,1
35300,,,BANANAS,SEASHELLS,4949,2
35400,,,PEARLS,SEASHELLS,10002,1
35400,,,BANANAS,SEASHELLS,4949,1
35400,,,BANANAS,SEASHELLS,4949,2
35500,,,PEARLS,SEASHELLS,10002,1
35500,,,BANANAS,SEASHELLS,4949,1
35500,,,BANANAS,SEASHELLS,4949,2
35600,,,PEARLS,SEASHELLS,10002,1
35600,,,BANANAS,SEASHELLS,4950,1
35700,,,PEARLS,SEASHELLS,10002,1
35700,,,BANANAS,SEASHELLS,4950,1
35800,,,PEARLS,SEASHELLS,10002,1
35800,,,PEARLS,SEASHELLS,10002,1
35800,,,BANANAS,SEASHELLS,4950,1
35900,,,PEARLS,SEASHELLS,10002,1
35900,,,PEARLS,SEASHELLS,10002,1
35900,,,BANANAS,SEASHELLS,4951,1
36000,,,PEARLS,SEASHELLS,10002,1
36000,,,PEARLS,SEASHELLS,10002,1
36000,,,BANANAS,SEASHELLS,4951,1
36100,,,PEARLS,SEASHELLS,9998,1
36100,,,BANANAS,SEASHELLS,4951,1
36200,,,PEARLS,SEASHELLS,9998,1
36200,,,BANANAS,SEASHELLS,4951,1
36300,,,PEARLS,SEASHELLS,9998,1
36300,,,BANANAS,SEASHELLS,4951,1
36400,,,PEARLS,SEASHELLS,9998,1
36400,,,BANANAS,SEASHELLS,4951,1
36500,,,PEARLS,SEASHELLS,9998,1
36500,,,BANANAS,SEASHELLS,4951,1
36600,,,PEARLS,SEASHELLS,9996,1
36600,,,BANANAS,SEASHELLS,4951,1
36700,,,PEARLS,SEASHELLS,9996,1
36700,,,BANANAS,SEASHELLS,4950,1
36800,,,PEARLS,SEASHELLS,10002,1
36800,,,BANANAS,SEASHELLS,4950,1
36800,,,BANANAS,SEASHELLS,4954,1
36900,,,PEARLS,SEASHELLS,10002,1
36900,,,BANANAS,SEASHELLS,4950,1
36900,,,BANANAS,SEASHELLS,4954,1
37000,,,PEARLS,SEASHELLS,10002,1
37000,,,BANANAS,SEASHELLS,4950,1
37000,,,BANANAS,SEASHELLS,4954,1
37100,,,PEARLS,SEASHELLS,10002,1
37100,,,BANANAS,SEASHELLS,4950,1
37100,,,BANANAS,SEASHELLS,4954,1
37200,,,PEARLS,SEASHELLS,9998,1
37200,,,BANANAS,SEASHELLS,4955,1
37300,,,PEARLS,SEASHELLS,10002,7
37300,,,BANANAS,SEASHELLS,4955,1
37400,,,PEARLS,SEASHELLS,10002,7
37400,,,PEARLS,SEASHELLS,10002,5
37400,,,BANANAS,SEASHELLS,4955,1
37500,,,PEARLS,SEASHELLS,10002,7
37500,,,PEARLS,SEASHELLS,10002,5
37500,,,BANANAS,SEASHELLS,4955,1
37600,,,PEARLS,SEASHELLS,10002,7
37600,,,PEARLS,SEASHELLS,10002,5
37600,,,BANANAS,SEASHELLS,4955,1
37700,,,PEARLS,SEASHELLS,10002,7
37700,,,PEARLS,SEASHELLS,10002,5
37700,,,BANANAS,SEASHELLS,4955,1
37800,,,PEARLS,SEASHELLS,10002,7
37800,,,PEARLS,SEASHELLS,10002,5
37800,,,BANANAS,SEASHELLS,4955,1
37900,,,PEARLS,SEASHELLS,10002,7
37900,,,PEARLS,SEASHELLS,10002,5
37900,,,BANANAS,SEASHELLS,4952,1
38000,,,PEARLS,SEASHELLS,10002,7
38000,,,PEARLS,SEASHELLS,10002,5
38000,,,BANANAS,SEASHELLS,4952,1
38100,,,PEARLS,SEASHELLS,10002,7
38100,,,PEARLS,SEASHELLS,10002,5
38100,,,BANANAS,SEASHELLS,4952,1
38200,,,PEARLS,SEASHELLS,9998,5
38200,,,BANANAS,SEASHELLS,4950,1
38300,,,PEARLS,SEASHELLS,9998,5
38300,,,PEARLS,SEASHELLS,9998,2
38300,,,BANANAS,SEASHELLS,4950,1
38400,,,PEARLS,SEASHELLS,9998,5
38400,,,PEARLS,SEASHELLS,9998,2
38400,,,BANANAS,SEASHELLS,4949,1
38500,,,PEARLS,SEASHELLS,9998,5
38500,,,PEARLS,SEASHELLS,9998,2
38500,,,BANANAS,SEASHELLS,4949,1
38600,,,PEARLS,SEASHELLS,10002,1
38600,,,BANANAS,SEASHELLS,4954,1
38700,,,PEARLS,SEASHELLS,10002,5
38700,,,BANANAS,SEASHELLS,4954,1
38800,,,PEARLS,SEASHELLS,10002,5
38800,,,BANANAS,SEASHELLS,4954,1
38900,,,PEARLS,SEASHELLS,10002,4
38900,,,BANANAS,SEASHELLS,4954,1
39000,,,PEARLS,SEASHELLS,10002,4
39000,,,BANANAS,SEASHELLS,4954,1
39100,,,PEARLS,SEASHELLS,10002,4
39100,,,BANANAS,SEASHELLS,4954,1
39200,,,PEARLS,SEASHELLS,10002,4
39200,,,BANANAS,SEASHELLS,4954,1
39300,,,PEARLS,SEASHELLS,10002,4
39300,,,BANANAS,SEASHELLS,4954,1
39400,,,PEARLS,SEASHELLS,10002,4
39400,,,BANANAS,SEASHELLS,4954,1
39500,,,PEARLS,SEASHELLS,10004,1
39500,,,BANANAS,SEASHELLS,4956,1
39600,,,PEARLS,SEASHELLS,10004,1
39600,,,BANANAS,SEASHELLS,4956,1
39700,,,PEARLS,SEASHELLS,10005,2
39700,,,BANANAS,SEASHELLS,4956,1
39800,,,PEARLS,SEASHELLS,10005,8
39800,,,PEARLS,SEASHELLS,9995,2
39800,,,PEARLS,SEASHELLS,10005,1
39800,,,BANANAS,SEASHELLS,4956,1
39900,,,PEARLS,SEASHELLS,10005,8
39900,,,PEARLS,SEASHELLS,9995,2
39900,,,PEARLS,SEASHELLS,10005,1
39900,,,BANANAS,SEASHELLS,4956,1
40000,,,PEARLS,SEASHELLS,10005,8
40000,,,PEARLS,SEASHELLS,9995,2
40000,,,PEARLS,SEASHELLS,10005,1
40000,,,BANANAS,SEASHELLS,4956,1
40100,,,PEARLS,SEASHELLS,10005,8
40100,,,PEARLS,SEASHELLS,9995,2
40100,,,PEARLS,SEASHELLS,10005,1
40100,,,BANANAS,SEASHELLS,4953,5
40200,,,PEARLS,SEASHELLS,10002,1
40200,,,BANANAS,SEASHELLS,4953,5
40300,,,PEARLS,SEASHELLS,10002,1
40300,,,BANANAS,SEASHELLS,4953,5
40400,,,PEARLS,SEASHELLS,9996,1
40400,,,PEARLS,SEASHELLS,9996,5
40400,,,BANANAS,SEASHELLS,4953,5
40500,,,PEARLS,SEASHELLS,9996,1
40500,,,PEARLS,SEASHELLS,9996,5
40500,,,BANANAS,SEASHELLS,4953,5
40600,,,PEARLS,SEASHELLS,9996,1
40600,,,PEARLS,SEASHELLS,9996,5
40600,,,BANANAS,SEASHELLS,4953,5
40700,,,PEARLS,SEASHELLS,9996,1
40700,,,PEARLS,SEASHELLS,9996,5
40700,,,BANANAS,SEASHELLS,4953,5
40800,,,PEARLS,SEASHELLS,9996,1
40800,,,PEARLS,SEASHELLS,9996,5
40800,,,BANANAS,SEASHELLS,4953,5
40900,,,PEARLS,SEASHELLS,9996,1
40900,,,PEARLS,SEASHELLS,9996,5
40900,,,BANANAS,SEASHELLS,4953,5
41000,,,PEARLS,SEASHELLS,9996,1
41000,,,PEARLS,SEASHELLS,9996,5
41000,,,BANANAS,SEASHELLS,4953,5
41100,,,PEARLS,SEASHELLS,9996,1
41100,,,PEARLS,SEASHELLS,9996,5
41100,,,BANANAS,SEASHELLS,4953,5
41200,,,PEARLS,SEASHELLS,9996,1
41200,,,PEARLS,SEASHELLS,9996,5
41200,,,BANANAS,SEASHELLS,4953,5
41300,,,PEARLS,SEASHELLS,9996,1
41300,,,PEARLS,SEASHELLS,9996,5
41300,,,BANANAS,SEASHELLS,4953,5
41400,,,PEARLS,SEASHELLS,9996,1
41400,,,PEARLS,SEASHELLS,9996,5
41400,,,BANANAS,SEASHELLS,4947,1
41500,,,PEARLS,SEASHELLS,9998,1
41500,,,BANANAS,SEASHELLS,4947,1
41600,,,PEARLS,SEASHELLS,9998,1
41600,,,BANANAS,SEASHELLS,4947,1
41700,,,PEARLS,SEASHELLS,9998,1
41700,,,BANANAS,SEASHELLS,4947,1
41800,,,PEARLS,SEASHELLS,9998,1
41800,,,BANANAS,SEASHELLS,4947,1
41900,,,PEARLS,SEASHELLS,9998,1
41900,,,BANANAS,SEASHELLS,4947,1
42000,,,PEARLS,SEASHELLS,9998,1
42000,,,BANANAS,SEASHELLS,4947,1
42100,,,PEARLS,SEASHELLS,9998,1
42100,,,BANANAS,SEASHELLS,4947,1
42200,,,PEARLS,SEASHELLS,9998,1
42200,,,BANANAS,SEASHELLS,4947,1
42300,,,PEARLS,SEASHELLS,9995,2
42300,,,BANANAS,SEASHELLS,4948,2
42400,,,PEARLS,SEASHELLS,10005,1
42400,,,BANANAS,SEASHELLS,4955,1
42400,,,BANANAS,SEASHELLS,4953,1
42500,,,PEARLS,SEASHELLS,10005,1
42500,,,BANANAS,SEASHELLS,4948,1
42600,,,PEARLS,SEASHELLS,10005,1
42600,,,BANANAS,SEASHELLS,4948,1
42600,,,BANANAS,SEASHELLS,4948,3
42700,,,PEARLS,SEASHELLS,10005,1
42700,,,BANANAS,SEASHELLS,4947,1
42800,,,PEARLS,SEASHELLS,10005,1
42800,,,BANANAS,SEASHELLS,4947,1
42900,,,PEARLS,SEASHELLS,10005,1
42900,,,BANANAS,SEASHELLS,4947,1
43000,,,PEARLS,SEASHELLS,10005,1
43000,,,BANANAS,SEASHELLS,4947,1
43100,,,PEARLS,SEASHELLS,10005,1
43100,,,BANANAS,SEASHELLS,4947,1
43200,,,PEARLS,SEASHELLS,10002,1
43200,,,BANANAS,SEASHELLS,4947,1
43300,,,PEARLS,SEASHELLS,10002,1
43300,,,BANANAS,SEASHELLS,4947,1
43400,,,PEARLS,SEASHELLS,10002,1
43400,,,BANANAS,SEASHELLS,4946,1
43500,,,PEARLS,SEASHELLS,10002,1
43500,,,BANANAS,SEASHELLS,4946,1
43600,,,PEARLS,SEASHELLS,10002,1
43600,,,BANANAS,SEASHELLS,4946,1
43700,,,PEARLS,SEASHELLS,10002,1
43700,,,BANANAS,SEASHELLS,4946,1
43800,,,PEARLS,SEASHELLS,10002,1
43800,,,BANANAS,SEASHELLS,4946,1
43900,,,PEARLS,SEASHELLS,9998,1
43900,,,BANANAS,SEASHELLS,4946,1
44000,,,PEARLS,SEASHELLS,9998,1
44000,,,BANANAS,SEASHELLS,4946,1
44100,,,PEARLS,SEASHELLS,10002,4
44100,,,BANANAS,SEASHELLS,4945,1
44200,,,PEARLS,SEASHELLS,9996,2
44200,,,BANANAS,SEASHELLS,4945,1
44200,,,BANANAS,SEASHELLS,4945,1
44200,,,BANANAS,SEASHELLS,4945,1
44300,,,PEARLS,SEASHELLS,9998,2
44300,,,BANANAS,SEASHELLS,4945,1
44300,,,BANANAS,SEASHELLS,4945,1
44300,,,BANANAS,SEASHELLS,4945,1
44400,,,PEARLS,SEASHELLS,9998,2
44400,,,BANANAS,SEASHELLS,4945,1
44400,,,BANANAS,SEASHELLS,4945,1
44400,,,BANANAS,SEASHELLS,4945,1
44500,,,PEARLS,SEASHELLS,9998,2
44500,,,BANANAS,SEASHELLS,4945,1
44500,,,BANANAS,SEASHELLS,4945,1
44500,,,BANANAS,SEASHELLS,4945,1
44600,,,PEARLS,SEASHELLS,9996,1
44600,,,BANANAS,SEASHELLS,4945,1
44700,,,PEARLS,SEASHELLS,9996,1
44700,,,BANANAS,SEASHELLS,4945,1
44800,,,PEARLS,SEASHELLS,9996,1
44800,,,BANANAS,SEASHELLS,4945,1
44900,,,PEARLS,SEASHELLS,9996,1
44900,,,BANANAS,SEASHELLS,4945,1
45000,,,PEARLS,SEASHELLS,9996,1
45000,,,BANANAS,SEASHELLS,4945,1
45100,,,PEARLS,SEASHELLS,9996,1
45100,,,BANANAS,SEASHELLS,4945,1
45200,,,PEARLS,SEASHELLS,9998,1
45200,,,BANANAS,SEASHELLS,4945,1
45300,,,PEARLS,SEASHELLS,9998,1
45300,,,BANANAS,SEASHELLS,4945,1
45400,,,PEARLS,SEASHELLS,9998,1
45400,,,BANANAS,SEASHELLS,4945,1
45500,,,PEARLS,SEASHELLS,9998,1
45500,,,BANANAS,SEASHELLS,4945,1
45600,,,PEARLS,SEASHELLS,9998,1
45600,,,BANANAS,SEASHELLS,4945,1
45700,,,PEARLS,SEASHELLS,9998,1
45700,,,BANANAS,SEASHELLS,4951,1
45800,,,PEARLS,SEASHELLS,9998,1
45800,,,BANANAS,SEASHELLS,4951,1
45900,,,PEARLS,SEASHELLS,9998,1
45900,,,BANANAS,SEASHELLS,4951,1
46000,,,PEARLS,SEASHELLS,9998,1
46000,,,BANANAS,SEASHELLS,4951,1
46100,,,PEARLS,SEASHELLS,9996,2
46100,,,PEARLS,SEASHELLS,9996,1
46100,,,PEARLS,SEASHELLS,9998,5
46100,,,BANANAS,SEASHELLS,4951,1
46200,,,PEARLS,SEASHELLS,9996,2
46200,,,PEARLS,SEASHELLS,9996,1
46200,,,PEARLS,SEASHELLS,9998,5
46200,,,BANANAS,SEASHELLS,4951,1
46300,,,PEARLS,SEASHELLS,9996,2
46300,,,PEARLS,SEASHELLS,9996,1
46300,,,PEARLS,SEASHELLS,9998,5
46300,,,BANANAS,SEASHELLS,4946,2
46400,,,PEARLS,SEASHELLS,9996,2
46400,,,PEARLS,SEASHELLS,9996,1
46400,,,PEARLS,SEASHELLS,9998,5
46400,,,BANANAS,SEASHELLS,4946,2
46500,,,PEARLS,SEASHELLS,9996,2
46500,,,PEARLS,SEASHELLS,9996,1
46500,,,PEARLS,SEASHELLS,9998,5
46500,,,BANANAS,SEASHELLS,4946,2
46600,,,PEARLS,SEASHELLS,9996,2
46600,,,PEARLS,SEASHELLS,9996,1
46600,,,PEARLS,SEASHELLS,9998,5
46600,,,BANANAS,SEASHELLS,4945,1
46700,,,PEARLS,SEASHELLS,9996,2
46700,,,PEARLS,SEASHELLS,9996,1
46700,,,PEARLS,SEASHELLS,9998,5
46700,,,BANANAS,SEASHELLS,4945,1
46800,,,PEARLS,SEASHELLS,9998,1
46800,,,BANANAS,SEASHELLS,4945,1
46900,,,PEARLS,SEASHELLS,9998,1
46900,,,BANANAS,SEASHELLS,4945,1
47000,,,PEARLS,SEASHELLS,9998,1
47000,,,BANANAS,SEASHELLS,4950,1
47100,,,PEARLS,SEASHELLS,9995,2
47100,,,BANANAS,SEASHELLS,4945,1
47200,,,PEARLS,SEASHELLS,9995,2
47200,,,BANANAS,SEASHELLS,4945,1
47300,,,PEARLS,SEASHELLS,9995,2
47300,,,BANANAS,SEASHELLS,4950,1
47400,,,PEARLS,SEASHELLS,9995,2
47400,,,BANANAS,SEASHELLS,4950,1
47500,,,PEARLS,SEASHELLS,9995,2
47500,,,BANANAS,SEASHELLS,4950,1
47600,,,PEARLS,SEASHELLS,9995,2
47600,,,BANANAS,SEASHELLS,4950,1
47700,,,PEARLS,SEASHELLS,9995,2
47700,,,BANANAS,SEASHELLS,4943,2
47800,,,PEARLS,SEASHELLS,9998,1
47800,,,BANANAS,SEASHELLS,4943,2
47900,,,PEARLS,SEASHELLS,9998,1
47900,,,BANANAS,SEASHELLS,4943,2
48000,,,PEARLS,SEASHELLS,9998,1
48000,,,BANANAS,SEASHELLS,4943,2
48100,,,PEARLS,SEASHELLS,9998,1
48100,,,BANANAS,SEASHELLS,4943,2
48200,,,PEARLS,SEASHELLS,9998,1
48200,,,BANANAS,SEASHELLS,4943,2
48300,,,PEARLS,SEASHELLS,9998,1
48300,,,BANANAS,SEASHELLS,4943,2
48400,,,PEARLS,SEASHELLS,9998,1
48400,,,BANANAS,SEASHELLS,4948,1
48500,,,PEARLS,SEASHELLS,9998,1
48500,,,BANANAS,SEASHELLS,4948,1
48600,,,PEARLS,SEASHELLS,9998,1
48600,,,BANANAS,SEASHELLS,4948,1
48700,,,PEARLS,SEASHELLS,9998,1
48700,,,BANANAS,SEASHELLS,4948,1
48800,,,PEARLS,SEASHELLS,10002,2
48800,,,BANANAS,SEASHELLS,4948,1
48900,,,PEARLS,SEASHELLS,10002,2
48900,,,BANANAS,SEASHELLS,4942,1
49000,,,PEARLS,SEASHELLS,10002,2
49000,,,BANANAS,SEASHELLS,4942,1
49100,,,PEARLS,SEASHELLS,10002,2
49100,,,BANANAS,SEASHELLS,4942,1
49200,,,PEARLS,SEASHELLS,9998,2
49200,,,BANANAS,SEASHELLS,4942,2
49300,,,PEARLS,SEASHELLS,9998,2
49300,,,BANANAS,SEASHELLS,4942,2
49400,,,PEARLS,SEASHELLS,9998,2
49400,,,BANANAS,SEASHELLS,4945,1
49500,,,PEARLS,SEASHELLS,9998,2
49500,,,BANANAS,SEASHELLS,4945,1
49600,,,PEARLS,SEASHELLS,9998,2
49600,,,BANANAS,SEASHELLS,4945,1
49700,,,PEARLS,SEASHELLS,10002,1
49700,,,BANANAS,SEASHELLS,4945,1
49800,,,PEARLS,SEASHELLS,10002,1
49800,,,BANANAS,SEASHELLS,4945,1
49900,,,PEARLS,SEASHELLS,10002,1
49900,,,BANANAS,SEASHELLS,4945,1
50000,,,PEARLS,SEASHELLS,10002,1
50000,,,BANANAS,SEASHELLS,4945,1
50100,,,PEARLS,SEASHELLS,10002,1
50100,,,BANANAS,SEASHELLS,4945,1
50200,,,PEARLS,SEASHELLS,10004,2
50200,,,BANANAS,SEASHELLS,4947,2
50300,,,PEARLS,SEASHELLS,10002,1
50300,,,BANANAS,SEASHELLS,4947,2
50400,,,PEARLS,SEASHELLS,10002,1
50400,,,BANANAS,SEASHELLS,4947,2
50500,,,PEARLS,SEASHELLS,10002,4
50500,,,BANANAS,SEASHELLS,4947,2
50600,,,PEARLS,SEASHELLS,10002,4
50600,,,BANANAS,SEASHELLS,4947,2
50700,,,PEARLS,SEASHELLS,10002,4
50700,,,BANANAS,SEASHELLS,4947,1
50800,,,PEARLS,SEASHELLS,10002,4
50800,,,BANANAS,SEASHELLS,4943,1
50900,,,PEARLS,SEASHELLS,9998,1
50900,,,BANANAS,SEASHELLS,4943,1
51000,,,PEARLS,SEASHELLS,9998,1
51000,,,BANANAS,SEASHELLS,4943,1
51100,,,PEARLS,SEASHELLS,9998,1
51100,,,BANANAS,SEASHELLS,4943,1
51200,,,PEARLS,SEASHELLS,9998,1
51200,,,BANANAS,SEASHELLS,4943,1
51300,,,PEARLS,SEASHELLS,9998,1
51300,,,BANANAS,SEASHELLS,4943,1
51400,,,PEARLS,SEASHELLS,9998,1
51400,,,BANANAS,SEASHELLS,4943,1
51500,,,PEARLS,SEASHELLS,9998,1
51500,,,BANANAS,SEASHELLS,4943,1
51600,,,PEARLS,SEASHELLS,9998,1
51600,,,BANANAS,SEASHELLS,4943,1
51700,,,PEARLS,SEASHELLS,9998,1
51700,,,BANANAS,SEASHELLS,4943,1
51800,,,PEARLS,SEASHELLS,9998,1
51800,,,BANANAS,SEASHELLS,4943,1
51900,,,PEARLS,SEASHELLS,9998,1
51900,,,BANANAS,SEASHELLS,4943,1
52000,,,PEARLS,SEASHELLS,9998,1
52000,,,BANANAS,SEASHELLS,4943,1
52100,,,PEARLS,SEASHELLS,9998,1
52100,,,BANANAS,SEASHELLS,4943,1
52200,,,PEARLS,SEASHELLS,9998,1
52200,,,BANANAS,SEASHELLS,4943,1
52300,,,PEARLS,SEASHELLS,9998,1
52300,,,BANANAS,SEASHELLS,4946,1
52400,,,PEARLS,SEASHELLS,9998,1
52400,,,BANANAS,SEASHELLS,4946,1
52500,,,PEARLS,SEASHELLS,9998,1
52500,,,BANANAS,SEASHELLS,4946,1
52600,,,PEARLS,SEASHELLS,9998,1
52600,,,BANANAS,SEASHELLS,4946,1
52700,,,PEARLS,SEASHELLS,9998,1
52700,,,BANANAS,SEASHELLS,4946,1
52800,,,PEARLS,SEASHELLS,9995,2
52800,,,PEARLS,SEASHELLS,9998,1
52800,,,BANANAS,SEASHELLS,4941,2
52900,,,PEARLS,SEASHELLS,9995,2
52900,,,PEARLS,SEASHELLS,9998,1
52900,,,BANANAS,SEASHELLS,4941,2
53000,,,PEARLS,SEASHELLS,9995,2
53000,,,PEARLS,SEASHELLS,9998,1
53000,,,BANANAS,SEASHELLS,4941,2
53100,,,PEARLS,SEASHELLS,9995,2
53100,,,PEARLS,SEASHELLS,9998,1
53100,,,BANANAS,SEASHELLS,4941,2
53200,,,PEARLS,SEASHELLS,9995,2
53200,,,PEARLS,SEASHELLS,9998,1
53200,,,BANANAS,SEASHELLS,4941,2
53300,,,PEARLS,SEASHELLS,9995,2
53300,,,PEARLS,SEASHELLS,9998,1
53300,,,BANANAS,SEASHELLS,4941,2
53400,,,PEARLS,SEASHELLS,9995,2
53400,,,PEARLS,SEASHELLS,9998,1
53400,,,BANANAS,SEASHELLS,4941,2
53500,,,PEARLS,SEASHELLS,9995,2
53500,,,PEARLS,SEASHELLS,9998,1
53500,,,BANANAS,SEASHELLS,4943,1
53600,,,PEARLS,SEASHELLS,9995,2
53600,,,PEARLS,SEASHELLS,9998,1
53600,,,BANANAS,SEASHELLS,4943,1
53700,,,PEARLS,SEASHELLS,9998,2
53700,,,BANANAS,SEASHELLS,4943,1
53800,,,PEARLS,SEASHELLS,9998,2
53800,,,BANANAS,SEASHELLS,4943,1
53900,,,PEARLS,SEASHELLS,9998,2
53900,,,BANANAS,SEASHELLS,4943,1
54000,,,PEARLS,SEASHELLS,9998,2
54000,,,BANANAS,SEASHELLS,4943,1
54100,,,PEARLS,SEASHELLS,9998,2
54100,,,BANANAS,SEASHELLS,4943,1
54200,,,PEARLS,SEASHELLS,9998,2
54200,,,BANANAS,SEASHELLS,4943,1
54300,,,PEARLS,SEASHELLS,9998,2
54300,,,BANANAS,SEASHELLS,4943,1
54400,,,PEARLS,SEASHELLS,9998,2
54400,,,BANANAS,SEASHELLS,4944,1
54500,,,PEARLS,SEASHELLS,9998,2
54500,,,BANANAS,SEASHELLS,4944,1
54600,,,PEARLS,SEASHELLS,9998,2
54600,,,BANANAS,SEASHELLS,4944,1
54700,,,PEARLS,SEASHELLS,9998,1
54700,,,BANANAS,SEASHELLS,4944,1
54800,,,PEARLS,SEASHELLS,9998,1
54800,,,BANANAS,SEASHELLS,4944,1
54900,,,PEARLS,SEASHELLS,9998,1
54900,,,BANANAS,SEASHELLS,4944,1
55000,,,PEARLS,SEASHELLS,9998,1
55000,,,BANANAS,SEASHELLS,4944,1
55100,,,PEARLS,SEASHELLS,9998,1
55100,,,BANANAS,SEASHELLS,4949,1
55200,,,PEARLS,SEASHELLS,9998,1
55200,,,BANANAS,SEASHELLS,4949,1
55300,,,PEARLS,SEASHELLS,9998,1
55300,,,BANANAS,SEASHELLS,4949,1
55400,,,PEARLS,SEASHELLS,9998,1
55400,,,BANANAS,SEASHELLS,4949,1
55500,,,PEARLS,SEASHELLS,9998,1
55500,,,BANANAS,SEASHELLS,4949,1
55600,,,PEARLS,SEASHELLS,9998,1
55600,,,BANANAS,SEASHELLS,4949,1
55700,,,PEARLS,SEASHELLS,9998,1
55700,,,BANANAS,SEASHELLS,4949,1
55800,,,PEARLS,SEASHELLS,9998,1
55800,,,BANANAS,SEASHELLS,4949,1
55900,,,PEARLS,SEASHELLS,9998,1
55900,,,BANANAS,SEASHELLS,4949,1
56000,,,PEARLS,SEASHELLS,9998,1
56000,,,BANANAS,SEASHELLS,4950,3
56100,,,PEARLS,SEASHELLS,9998,1
56100,,,BANANAS,SEASHELLS,4950,3
56200,,,PEARLS,SEASHELLS,9998,1
56200,,,BANANAS,SEASHELLS,4950,3
56300,,,PEARLS,SEASHELLS,9998,1
56300,,,BANANAS,SEASHELLS,4950,3
56400,,,PEARLS,SEASHELLS,9998,1
56400,,,BANANAS,SEASHELLS,4950,3
56500,,,PEARLS,SEASHELLS,9998,1
56500,,,BANANAS,SEASHELLS,4950,3
56600,,,PEARLS,SEASHELLS,9998,1
56600,,,BANANAS,SEASHELLS,4950,3
56700,,,PEARLS,SEASHELLS,10004,1
56700,,,BANANAS,SEASHELLS,4943,1
56800,,,PEARLS,SEASHELLS,10004,1
56800,,,BANANAS,SEASHELLS,4943,1
56900,,,PEARLS,SEASHELLS,10004,1
56900,,,BANANAS,SEASHELLS,4943,1
57000,,,PEARLS,SEASHELLS,10004,1
57000,,,BANANAS,SEASHELLS,4943,1
57100,,,PEARLS,SEASHELLS,9995,2
57100,,,BANANAS,SEASHELLS,4943,4
57100,,,BANANAS,SEASHELLS,4943,2
57200,,,PEARLS,SEASHELLS,9995,2
57200,,,BANANAS,SEASHELLS,4943,4
57200,,,BANANAS,SEASHELLS,4943,2
57300,,,PEARLS,SEASHELLS,9995,2
57300,,,BANANAS,SEASHELLS,4943,4
57300,,,BANANAS,SEASHELLS,4943,2
57400,,,PEARLS,SEASHELLS,10002,1
57400,,,BANANAS,SEASHELLS,4944,1
57500,,,PEARLS,SEASHELLS,10002,1
57500,,,BANANAS,SEASHELLS,4944,1
57600,,,PEARLS,SEASHELLS,10002,1
57600,,,BANANAS,SEASHELLS,4944,1
57700,,,PEARLS,SEASHELLS,10002,1
57700,,,BANANAS,SEASHELLS,4944,1
57800,,,PEARLS,SEASHELLS,10002,1
57800,,,BANANAS,SEASHELLS,4944,1
57900,,,PEARLS,SEASHELLS,10002,1
57900,,,BANANAS,SEASHELLS,4944,1
58000,,,PEARLS,SEASHELLS,10002,1
58000,,,BANANAS,SEASHELLS,4944,1
58100,,,PEARLS,SEASHELLS,10002,1
58100,,,BANANAS,SEASHELLS,4944,1
58200,,,PEARLS,SEASHELLS,10002,1
58200,,,BANANAS,SEASHELLS,4944,1
58300,,,PEARLS,SEASHELLS,10002,1
58300,,,BANANAS,SEASHELLS,4944,1
58400,,,PEARLS,SEASHELLS,10002,1
58400,,,BANANAS,SEASHELLS,4944,1
58500,,,PEARLS,SEASHELLS,10002,1
58500,,,BANANAS,SEASHELLS,4944,1
58600,,,PEARLS,SEASHELLS,10002,1
58600,,,BANANAS,SEASHELLS,4944,1
58700,,,PEARLS,SEASHELLS,10002,1
58700,,,BANANAS,SEASHELLS,4944,1
58800,,,PEARLS,SEASHELLS,9998,1
58800,,,BANANAS,SEASHELLS,4944,1
58900,,,PEARLS,SEASHELLS,9998,1
58900,,,BANANAS,SEASHELLS,4944,1
59000,,,PEARLS,SEASHELLS,9998,9
59000,,,BANANAS,SEASHELLS,4944,1
59100,,,PEARLS,SEASHELLS,9998,9
59100,,,BANANAS,SEASHELLS,4944,1
59200,,,PEARLS,SEASHELLS,9998,2
59200,,,BANANAS,SEASHELLS,4945,12
59300,,,PEARLS,SEASHELLS,9998,1
59300,,,PEARLS,SEASHELLS,9998,2
59300,,,BANANAS,SEASHELLS,4949,1
59400,,,PEARLS,SEASHELLS,10002,3
59400,,,BANANAS,SEASHELLS,4949,1
59500,,,PEARLS,SEASHELLS,10002,3
59500,,,BANANAS,SEASHELLS,4949,1
59600,,,PEARLS,SEASHELLS,10002,3
59600,,,BANANAS,SEASHELLS,4949,1
59700,,,PEARLS,SEASHELLS,10002,3
59700,,,BANANAS,SEASHELLS,4949,1
59800,,,PEARLS,SEASHELLS,10002,3
59800,,,BANANAS,SEASHELLS,4949,1
59900,,,PEARLS,SEASHELLS,10002,3
59900,,,BANANAS,SEASHELLS,4949,1
60000,,,PEARLS,SEASHELLS,10004,2
60000,,,PEARLS,SEASHELLS,10002,1
60000,,,BANANAS,SEASHELLS,4951,2
60100,,,PEARLS,SEASHELLS,10004,2
60100,,,PEARLS,SEASHELLS,10002,1
60100,,,BANANAS,SEASHELLS,4951,2
60200,,,PEARLS,SEASHELLS,9998,1
60200,,,BANANAS,SEASHELLS,4951,2
60300,,,PEARLS,SEASHELLS,9998,1
60300,,,BANANAS,SEASHELLS,4951,2
60400,,,PEARLS,SEASHELLS,9998,2
60400,,,BANANAS,SEASHELLS,4951,2
60500,,,PEARLS,SEASHELLS,9998,2
60500,,,BANANAS,SEASHELLS,4951,2
60600,,,PEARLS,SEASHELLS,9996,1
60600,,,BANANAS,SEASHELLS,4946,1
60700,,,PEARLS,SEASHELLS,9996,1
60700,,,BANANAS,SEASHELLS,4946,1
60800,,,PEARLS,SEASHELLS,9996,1
60800,,,BANANAS,SEASHELLS,4946,1
60900,,,PEARLS,SEASHELLS,9996,1
60900,,,BANANAS,SEASHELLS,4946,1
61000,,,PEARLS,SEASHELLS,9996,1
61000,,,BANANAS,SEASHELLS,4946,1
61100,,,PEARLS,SEASHELLS,10004,1
61100,,,BANANAS,SEASHELLS,4951,1
61200,,,PEARLS,SEASHELLS,10004,1
61200,,,BANANAS,SEASHELLS,4945,2
61300,,,PEARLS,SEASHELLS,10004,1
61300,,,BANANAS,SEASHELLS,4945,2
61400,,,PEARLS,SEASHELLS,10004,1
61400,,,BANANAS,SEASHELLS,4945,2
61500,,,PEARLS,SEASHELLS,10004,1
61500,,,BANANAS,SEASHELLS,4945,2
61600,,,PEARLS,SEASHELLS,10002,6
61600,,,BANANAS,SEASHELLS,4945,2
61700,,,PEARLS,SEASHELLS,10002,6
61700,,,BANANAS,SEASHELLS,4945,2
61800,,,PEARLS,SEASHELLS,10002,6
61800,,,BANANAS,SEASHELLS,4945,2
61900,,,PEARLS,SEASHELLS,10002,6
61900,,,BANANAS,SEASHELLS,4945,2
62000,,,PEARLS,SEASHELLS,10002,6
62000,,,BANANAS,SEASHELLS,4945,2
62100,,,PEARLS,SEASHELLS,10002,6
62100,,,BANANAS,SEASHELLS,4945,2
62200,,,PEARLS,SEASHELLS,10002,6
62200,,,BANANAS,SEASHELLS,4944,1
62300,,,PEARLS,SEASHELLS,10002,6
62300,,,BANANAS,SEASHELLS,4944,1
62400,,,PEARLS,SEASHELLS,10002,6
62400,,,BANANAS,SEASHELLS,4944,1
62500,,,PEARLS,SEASHELLS,10002,6
62500,,,BANANAS,SEASHELLS,4944,1
62600,,,PEARLS,SEASHELLS,10002,6
62600,,,BANANAS,SEASHELLS,4944,1
62700,,,PEARLS,SEASHELLS,10002,6
62700,,,BANANAS,SEASHELLS,4944,1
62800,,,PEARLS,SEASHELLS,10002,6
62800,,,BANANAS,SEASHELLS,4944,1
62900,,,PEARLS,SEASHELLS,9996,1
62900,,,PEARLS,SEASHELLS,9996,7
62900,,,BANANAS,SEASHELLS,4944,1
63000,,,PEARLS,SEASHELLS,10004,1
63000,,,BANANAS,SEASHELLS,4950,1
63100,,,PEARLS,SEASHELLS,10004,1
63100,,,BANANAS,SEASHELLS,4950,13
63200,,,PEARLS,SEASHELLS,10004,1
63200,,,BANANAS,SEASHELLS,4950,13
63300,,,PEARLS,SEASHELLS,10004,1
63300,,,BANANAS,SEASHELLS,4950,13
63400,,,PEARLS,SEASHELLS,10004,1
63400,,,BANANAS,SEASHELLS,4950,13
63500,,,PEARLS,SEASHELLS,10004,1
63500,,,BANANAS,SEASHELLS,4950,13
63600,,,PEARLS,SEASHELLS,9998,1
63600,,,BANANAS,SEASHELLS,4950,13
63700,,,PEARLS,SEASHELLS,9998,1
63700,,,BANANAS,SEASHELLS,4950,13
63800,,,PEARLS,SEASHELLS,9998,1
63800,,,BANANAS,SEASHELLS,4943,1
63900,,,PEARLS,SEASHELLS,9998,1
63900,,,BANANAS,SEASHELLS,4942,1
64000,,,PEARLS,SEASHELLS,9998,1
64000,,,BANANAS,SEASHELLS,4942,1
64000,,,BANANAS,SEASHELLS,4947,3
64100,,,PEARLS,SEASHELLS,9998,1
64100,,,BANANAS,SEASHELLS,4942,1
64100,,,BANANAS,SEASHELLS,4947,3
64200,,,PEARLS,SEASHELLS,9998,1
64200,,,BANANAS,SEASHELLS,4942,1
64200,,,BANANAS,SEASHELLS,4947,3
64300,,,PEARLS,SEASHELLS,9998,1
64300,,,BANANAS,SEASHELLS,4942,1
64300,,,BANANAS,SEASHELLS,4947,3
64400,,,PEARLS,SEASHELLS,9998,1
64400,,,BANANAS,SEASHELLS,4941,1
64500,,,PEARLS,SEASHELLS,9998,1
64500,,,BANANAS,SEASHELLS,4941,1
64600,,,PEARLS,SEASHELLS,9998,1
64600,,,BANANAS,SEASHELLS,4941,1
64700,,,PEARLS,SEASHELLS,9998,1
64700,,,BANANAS,SEASHELLS,4941,1
64800,,,PEARLS,SEASHELLS,9998,1
64800,,,BANANAS,SEASHELLS,4941,1
64900,,,PEARLS,SEASHELLS,9998,1
64900,,,BANANAS,SEASHELLS,4941,1
65000,,,PEARLS,SEASHELLS,9998,1
65000,,,BANANAS,SEASHELLS,4941,1
65100,,,PEARLS,SEASHELLS,9998,1
65100,,,BANANAS,SEASHELLS,4941,1
65200,,,PEARLS,SEASHELLS,10004,1
65200,,,BANANAS,SEASHELLS,4947,1
65300,,,PEARLS,SEASHELLS,10004,1
65300,,,BANANAS,SEASHELLS,4947,1
65400,,,PEARLS,SEASHELLS,10002,1
65400,,,BANANAS,SEASHELLS,4945,1
65500,,,PEARLS,SEASHELLS,9998,1
65500,,,BANANAS,SEASHELLS,4945,1
65600,,,PEARLS,SEASHELLS,9998,1
65600,,,BANANAS,SEASHELLS,4945,1
65700,,,PEARLS,SEASHELLS,9998,1
65700,,,BANANAS,SEASHELLS,4945,1
65800,,,PEARLS,SEASHELLS,9998,1
65800,,,BANANAS,SEASHELLS,4945,1
65900,,,PEARLS,SEASHELLS,9998,1
65900,,,BANANAS,SEASHELLS,4945,1
66000,,,PEARLS,SEASHELLS,9998,1
66000,,,BANANAS,SEASHELLS,4945,1
66100,,,PEARLS,SEASHELLS,9996,1
66100,,,BANANAS,SEASHELLS,4941,1
66200,,,PEARLS,SEASHELLS,9995,6
66200,,,BANANAS,SEASHELLS,4941,1
66300,,,PEARLS,SEASHELLS,9995,6
66300,,,BANANAS,SEASHELLS,4941,1
66400,,,PEARLS,SEASHELLS,9995,6
66400,,,BANANAS,SEASHELLS,4941,1
66500,,,PEARLS,SEASHELLS,9995,6
66500,,,BANANAS,SEASHELLS,4941,1
66600,,,PEARLS,SEASHELLS,9995,6
66600,,,BANANAS,SEASHELLS,4940,10
66700,,,PEARLS,SEASHELLS,9995,6
66700,,,BANANAS,SEASHELLS,4940,10
66800,,,PEARLS,SEASHELLS,9995,6
66800,,,BANANAS,SEASHELLS,4940,10
66900,,,PEARLS,SEASHELLS,9995,6
66900,,,BANANAS,SEASHELLS,4940,10
67000,,,PEARLS,SEASHELLS,9995,6
67000,,,BANANAS,SEASHELLS,4940,10
67100,,,PEARLS,SEASHELLS,10002,4
67100,,,BANANAS,SEASHELLS,4938,1
67200,,,PEARLS,SEASHELLS,9996,1
67200,,,BANANAS,SEASHELLS,4938,1
67300,,,PEARLS,SEASHELLS,9996,1
67300,,,BANANAS,SEASHELLS,4938,1
67400,,,PEARLS,SEASHELLS,9996,1
67400,,,BANANAS,SEASHELLS,4937,18
67500,,,PEARLS,SEASHELLS,9996,1
67500,,,BANANAS,SEASHELLS,4937,18
67600,,,PEARLS,SEASHELLS,9996,1
67600,,,BANANAS,SEASHELLS,4937,18
67700,,,PEARLS,SEASHELLS,9996,1
67700,,,BANANAS,SEASHELLS,4937,18
67800,,,PEARLS,SEASHELLS,10002,1
67800,,,BANANAS,SEASHELLS,4937,18
67900,,,PEARLS,SEASHELLS,10002,1
67900,,,BANANAS,SEASHELLS,4937,18
68000,,,PEARLS,SEASHELLS,10002,1
68000,,,BANANAS,SEASHELLS,4937,18
68100,,,PEARLS,SEASHELLS,10002,1
68100,,,BANANAS,SEASHELLS,4938,16
68200,,,PEARLS,SEASHELLS,10002,1
68200,,,BANANAS,SEASHELLS,4938,16
68300,,,PEARLS,SEASHELLS,10002,1
68300,,,BANANAS,SEASHELLS,4938,16
68400,,,PEARLS,SEASHELLS,10002,1
68400,,,BANANAS,SEASHELLS,4938,16
68500,,,PEARLS,SEASHELLS,10002,1
68500,,,BANANAS,SEASHELLS,4938,16
68600,,,PEARLS,SEASHELLS,10002,1
68600,,,BANANAS,SEASHELLS,4938,16
68700,,,PEARLS,SEASHELLS,10002,1
68700,,,BANANAS,SEASHELLS,4938,16
68800,,,PEARLS,SEASHELLS,10002,1
68800,,,BANANAS,SEASHELLS,4944,2
68900,,,PEARLS,SEASHELLS,10002,1
68900,,,BANANAS,SEASHELLS,4944,2
69000,,,PEARLS,SEASHELLS,10002,1
69000,,,BANANAS,SEASHELLS,4944,2
69100,,,PEARLS,SEASHELLS,10002,1
69100,,,BANANAS,SEASHELLS,4944,2
69200,,,PEARLS,SEASHELLS,10002,1
69200,,,BANANAS,SEASHELLS,4944,2
69300,,,PEARLS,SEASHELLS,10002,1
69300,,,BANANAS,SEASHELLS,4944,2
69400,,,PEARLS,SEASHELLS,10002,1
69400,,,BANANAS,SEASHELLS,4944,2
69500,,,PEARLS,SEASHELLS,10002,4
69500,,,BANANAS,SEASHELLS,4944,2
69600,,,PEARLS,SEASHELLS,10002,1
69600,,,PEARLS,SEASHELLS,10002,1
69600,,,BANANAS,SEASHELLS,4944,2
69700,,,PEARLS,SEASHELLS,10002,1
69700,,,BANANAS,SEASHELLS,4943,1
69800,,,PEARLS,SEASHELLS,10002,1
69800,,,BANANAS,SEASHELLS,4938,1
69900,,,PEARLS,SEASHELLS,10002,1
69900,,,BANANAS,SEASHELLS,4938,1
70000,,,PEARLS,SEASHELLS,10002,1
70000,,,BANANAS,SEASHELLS,4938,1
70100,,,PEARLS,SEASHELLS,10002,1
70100,,,BANANAS,SEASHELLS,4938,1
70200,,,PEARLS,SEASHELLS,10002,1
70200,,,BANANAS,SEASHELLS,4938,1
70300,,,PEARLS,SEASHELLS,10002,1
70300,,,BANANAS,SEASHELLS,4938,1
70400,,,PEARLS,SEASHELLS,10002,5
70400,,,BANANAS,SEASHELLS,4938,1
70500,,,PEARLS,SEASHELLS,10002,5
70500,,,BANANAS,SEASHELLS,4938,1
70600,,,PEARLS,SEASHELLS,10002,5
70600,,,BANANAS,SEASHELLS,4938,1
70700,,,PEARLS,SEASHELLS,9996,2
70700,,,BANANAS,SEASHELLS,4938,1
70800,,,PEARLS,SEASHELLS,10002,2
70800,,,BANANAS,SEASHELLS,4935,1
70900,,,PEARLS,SEASHELLS,10002,2
70900,,,BANANAS,SEASHELLS,4935,1
71000,,,PEARLS,SEASHELLS,10005,12
71000,,,PEARLS,SEASHELLS,10005,1
71000,,,BANANAS,SEASHELLS,4941,1
71100,,,PEARLS,SEASHELLS,10005,12
71100,,,PEARLS,SEASHELLS,10005,1
71100,,,BANANAS,SEASHELLS,4940,1
71200,,,PEARLS,SEASHELLS,10005,12
71200,,,PEARLS,SEASHELLS,10005,1
71200,,,BANANAS,SEASHELLS,4940,1
71300,,,PEARLS,SEASHELLS,10005,12
71300,,,PEARLS,SEASHELLS,10005,1
71300,,,BANANAS,SEASHELLS,4940,1
71400,,,PEARLS,SEASHELLS,10005,12
71400,,,PEARLS,SEASHELLS,10005,1
71400,,,BANANAS,SEASHELLS,4935,1
71500,,,PEARLS,SEASHELLS,10005,12
71500,,,PEARLS,SEASHELLS,10005,1
71500,,,BANANAS,SEASHELLS,4935,1
71600,,,PEARLS,SEASHELLS,10005,12
71600,,,PEARLS,SEASHELLS,10005,1
71600,,,BANANAS,SEASHELLS,4935,1
71700,,,PEARLS,SEASHELLS,10005,12
71700,,,PEARLS,SEASHELLS,10005,1
71700,,,BANANAS,SEASHELLS,4935,1
71800,,,PEARLS,SEASHELLS,10005,12
71800,,,PEARLS,SEASHELLS,10005,1
71800,,,BANANAS,SEASHELLS,4935,1
71900,,,PEARLS,SEASHELLS,10005,12
71900,,,PEARLS,SEASHELLS,10005,1
71900,,,BANANAS,SEASHELLS,4935,1
72000,,,PEARLS,SEASHELLS,10005,12
72000,,,PEARLS,SEASHELLS,10005,1
72000,,,BANANAS,SEASHELLS,4939,5
72100,,,PEARLS,SEASHELLS,10005,12
72100,,,PEARLS,SEASHELLS,10005,1
72100,,,BANANAS,SEASHELLS,4939,5
72200,,,PEARLS,SEASHELLS,10005,12
72200,,,PEARLS,SEASHELLS,10005,1
72200,,,BANANAS,SEASHELLS,4939,5
72300,,,PEARLS,SEASHELLS,10005,12
72300,,,PEARLS,SEASHELLS,10005,1
72300,,,BANANAS,SEASHELLS,4936,10
72400,,,PEARLS,SEASHELLS,10005,12
72400,,,PEARLS,SEASHELLS,10005,1
72400,,,BANANAS,SEASHELLS,4936,10
72500,,,PEARLS,SEASHELLS,10005,12
72500,,,PEARLS,SEASHELLS,10005,1
72500,,,BANANAS,SEASHELLS,4936,10
72600,,,PEARLS,SEASHELLS,10004,1
72600,,,BANANAS,SEASHELLS,4942,1
72700,,,PEARLS,SEASHELLS,10004,1
72700,,,BANANAS,SEASHELLS,4942,1
72800,,,PEARLS,SEASHELLS,10004,1
72800,,,BANANAS,SEASHELLS,4942,1
72900,,,PEARLS,SEASHELLS,10004,1
72900,,,BANANAS,SEASHELLS,4942,1
73000,,,PEARLS,SEASHELLS,10004,1
73000,,,BANANAS,SEASHELLS,4942,1
73100,,,PEARLS,SEASHELLS,10004,1
73100,,,BANANAS,SEASHELLS,4942,1
73200,,,PEARLS,SEASHELLS,10004,1
73200,,,BANANAS,SEASHELLS,4942,1
73300,,,PEARLS,SEASHELLS,10004,1
73300,,,BANANAS,SEASHELLS,4942,1
73400,,,PEARLS,SEASHELLS,10004,1
73400,,,BANANAS,SEASHELLS,4942,1
73500,,,PEARLS,SEASHELLS,9998,1
73500,,,BANANAS,SEASHELLS,4942,1
73600,,,PEARLS,SEASHELLS,9998,1
73600,,,BANANAS,SEASHELLS,4942,1
73700,,,PEARLS,SEASHELLS,9998,1
73700,,,BANANAS,SEASHELLS,4942,1
73800,,,PEARLS,SEASHELLS,9998,1
73800,,,BANANAS,SEASHELLS,4943,1
73900,,,PEARLS,SEASHELLS,9998,1
73900,,,BANANAS,SEASHELLS,4943,1
74000,,,PEARLS,SEASHELLS,9998,1
74000,,,BANANAS,SEASHELLS,4943,1
74100,,,PEARLS,SEASHELLS,9998,1
74100,,,BANANAS,SEASHELLS,4943,1
74200,,,PEARLS,SEASHELLS,9998,1
74200,,,BANANAS,SEASHELLS,4943,1
74300,,,PEARLS,SEASHELLS,9998,1
74300,,,BANANAS,SEASHELLS,4943,1
74300,,,BANANAS,SEASHELLS,4938,11
74400,,,PEARLS,SEASHELLS,9998,1
74400,,,BANANAS,SEASHELLS,4943,1
74400,,,BANANAS,SEASHELLS,4938,11
74500,,,PEARLS,SEASHELLS,9998,1
74500,,,BANANAS,SEASHELLS,4943,1
74500,,,BANANAS,SEASHELLS,4938,11
74600,,,PEARLS,SEASHELLS,9998,1
74600,,,BANANAS,SEASHELLS,4938,1
74700,,,PEARLS,SEASHELLS,10004,2
74700,,,BANANAS,SEASHELLS,4938,1
74800,,,PEARLS,SEASHELLS,10004,2
74800,,,BANANAS,SEASHELLS,4938,1
74900,,,PEARLS,SEASHELLS,9998,2
74900,,,BANANAS,SEASHELLS,4938,1
75000,,,PEARLS,SEASHELLS,9998,1
75000,,,BANANAS,SEASHELLS,4938,1
75100,,,PEARLS,SEASHELLS,9998,1
75100,,,BANANAS,SEASHELLS,4938,1
75200,,,PEARLS,SEASHELLS,9998,1
75200,,,BANANAS,SEASHELLS,4938,1
75300,,,PEARLS,SEASHELLS,9998,1
75300,,,BANANAS,SEASHELLS,4941,7
75300,,,BANANAS,SEASHELLS,4941,6
75400,,,PEARLS,SEASHELLS,9998,1
75400,,,BANANAS,SEASHELLS,4941,7
75400,,,BANANAS,SEASHELLS,4941,6
75500,,,PEARLS,SEASHELLS,9998,1
75500,,,BANANAS,SEASHELLS,4941,5
75600,,,PEARLS,SEASHELLS,9998,1
75600,,,BANANAS,SEASHELLS,4941,5
75700,,,PEARLS,SEASHELLS,9998,1
75700,,,BANANAS,SEASHELLS,4941,5
75800,,,PEARLS,SEASHELLS,9998,1
75800,,,BANANAS,SEASHELLS,4941,5
75900,,,PEARLS,SEASHELLS,10004,1
75900,,,BANANAS,SEASHELLS,4942,1
76000,,,PEARLS,SEASHELLS,10004,1
76000,,,BANANAS,SEASHELLS,4942,1
76100,,,PEARLS,SEASHELLS,10004,1
76100,,,BANANAS,SEASHELLS,4936,20
76200,,,PEARLS,SEASHELLS,10004,1
76200,,,BANANAS,SEASHELLS,4936,20
76300,,,PEARLS,SEASHELLS,10004,1
76300,,,BANANAS,SEASHELLS,4936,1
76400,,,PEARLS,SEASHELLS,10004,1
76400,,,BANANAS,SEASHELLS,4936,1
76500,,,PEARLS,SEASHELLS,10004,1
76500,,,BANANAS,SEASHELLS,4936,1
76600,,,PEARLS,SEASHELLS,10004,1
76600,,,BANANAS,SEASHELLS,4936,1
76700,,,PEARLS,SEASHELLS,10004,1
76700,,,BANANAS,SEASHELLS,4936,1
76800,,,PEARLS,SEASHELLS,10004,1
76800,,,BANANAS,SEASHELLS,4935,1
76900,,,PEARLS,SEASHELLS,10004,1
76900,,,BANANAS,SEASHELLS,4935,1
77000,,,PEARLS,SEASHELLS,10004,1
77000,,,BANANAS,SEASHELLS,4935,1
77100,,,PEARLS,SEASHELLS,10004,1
77100,,,BANANAS,SEASHELLS,4935,1
77200,,,PEARLS,SEASHELLS,10004,1
77200,,,BANANAS,SEASHELLS,4935,1
77300,,,PEARLS,SEASHELLS,10004,1
77300,,,BANANAS,SEASHELLS,4935,1
77400,,,PEARLS,SEASHELLS,10004,1
77400,,,BANANAS,SEASHELLS,4935,1
77500,,,PEARLS,SEASHELLS,10004,1
77500,,,BANANAS,SEASHELLS,4935,1
77600,,,PEARLS,SEASHELLS,10004,1
77600,,,BANANAS,SEASHELLS,4935,1
77700,,,PEARLS,SEASHELLS,9998,1
77700,,,BANANAS,SEASHELLS,4935,1
77800,,,PEARLS,SEASHELLS,9998,1
77800,,,BANANAS,SEASHELLS,4935,1
77900,,,PEARLS,SEASHELLS,9998,1
77900,,,BANANAS,SEASHELLS,4935,1
78000,,,PEARLS,SEASHELLS,9998,1
78000,,,BANANAS,SEASHELLS,4936,1
78100,,,PEARLS,SEASHELLS,9998,1
78100,,,BANANAS,SEASHELLS,4936,1
78200,,,PEARLS,SEASHELLS,10002,1
78200,,,BANANAS,SEASHELLS,4936,1
78300,,,PEARLS,SEASHELLS,10002,1
78300,,,BANANAS,SEASHELLS,4936,1
78400,,,PEARLS,SEASHELLS,10002,1
78400,,,BANANAS,SEASHELLS,4936,1
78500,,,PEARLS,SEASHELLS,10004,2
78500,,,PEARLS,SEASHELLS,10004,5
78500,,,BANANAS,SEASHELLS,4936,1
78600,,,PEARLS,SEASHELLS,10004,2
78600,,,PEARLS,SEASHELLS,10004,5
78600,,,BANANAS,SEASHELLS,4936,1
78700,,,PEARLS,SEASHELLS,9996,2
78700,,,BANANAS,SEASHELLS,4936,1
78800,,,PEARLS,SEASHELLS,9996,2
78800,,,BANANAS,SEASHELLS,4936,1
78900,,,PEARLS,SEASHELLS,9996,2
78900,,,BANANAS,SEASHELLS,4940,1
79000,,,PEARLS,SEASHELLS,9996,2
79000,,,BANANAS,SEASHELLS,4940,1
79100,,,PEARLS,SEASHELLS,9996,2
79100,,,BANANAS,SEASHELLS,4940,1
79200,,,PEARLS,SEASHELLS,9996,2
79200,,,BANANAS,SEASHELLS,4935,1
79300,,,PEARLS,SEASHELLS,9996,2
79300,,,BANANAS,SEASHELLS,4935,1
79400,,,PEARLS,SEASHELLS,9996,1
79400,,,BANANAS,SEASHELLS,4934,1
79500,,,PEARLS,SEASHELLS,9996,1
79500,,,BANANAS,SEASHELLS,4934,1
79600,,,PEARLS,SEASHELLS,10004,1
79600,,,BANANAS,SEASHELLS,4940,1
79700,,,PEARLS,SEASHELLS,10004,1
79700,,,BANANAS,SEASHELLS,4940,1
79800,,,PEARLS,SEASHELLS,10004,1
79800,,,BANANAS,SEASHELLS,4940,1
79900,,,PEARLS,SEASHELLS,10004,1
79900,,,BANANAS,SEASHELLS,4939,1
80000,,,PEARLS,SEASHELLS,9998,2
80000,,,BANANAS,SEASHELLS,4935,2
80100,,,PEARLS,SEASHELLS,9998,2
80100,,,BANANAS,SEASHELLS,4934,2
80200,,,PEARLS,SEASHELLS,9998,2
80200,,,BANANAS,SEASHELLS,4934,2
80300,,,PEARLS,SEASHELLS,9998,3
80300,,,BANANAS,SEASHELLS,4934,2
80400,,,PEARLS,SEASHELLS,9998,3
80400,,,BANANAS,SEASHELLS,4934,2
80500,,,PEARLS,SEASHELLS,9998,1
80500,,,BANANAS,SEASHELLS,4939,1
80600,,,PEARLS,SEASHELLS,9998,1
80600,,,BANANAS,SEASHELLS,4939,1
80700,,,PEARLS,SEASHELLS,9998,1
80700,,,BANANAS,SEASHELLS,4939,1
80800,,,PEARLS,SEASHELLS,9998,1
80800,,,BANANAS,SEASHELLS,4939,1
80900,,,PEARLS,SEASHELLS,9998,1
80900,,,BANANAS,SEASHELLS,4939,1
81000,,,PEARLS,SEASHELLS,9998,1
81000,,,BANANAS,SEASHELLS,4939,1
81100,,,PEARLS,SEASHELLS,9998,1
81100,,,BANANAS,SEASHELLS,4939,1
81200,,,PEARLS,SEASHELLS,9998,1
81200,,,BANANAS,SEASHELLS,4939,1
81300,,,PEARLS,SEASHELLS,9998,1
81300,,,BANANAS,SEASHELLS,4939,1
81400,,,PEARLS,SEASHELLS,9998,1
81400,,,BANANAS,SEASHELLS,4939,1
81500,,,PEARLS,SEASHELLS,9998,1
81500,,,BANANAS,SEASHELLS,4935,1
81600,,,PEARLS,SEASHELLS,10002,1
81600,,,BANANAS,SEASHELLS,4935,1
81700,,,PEARLS,SEASHELLS,10002,1
81700,,,BANANAS,SEASHELLS,4936,1
81800,,,PEARLS,SEASHELLS,10002,1
81800,,,BANANAS,SEASHELLS,4936,1
81900,,,PEARLS,SEASHELLS,10002,1
81900,,,BANANAS,SEASHELLS,4941,1
82000,,,PEARLS,SEASHELLS,10002,1
82000,,,BANANAS,SEASHELLS,4935,1
82100,,,PEARLS,SEASHELLS,10002,1
82100,,,BANANAS,SEASHELLS,4935,1
82200,,,PEARLS,SEASHELLS,9998,4
82200,,,BANANAS,SEASHELLS,4941,2
82300,,,PEARLS,SEASHELLS,9998,4
82300,,,BANANAS,SEASHELLS,4941,2
82400,,,PEARLS,SEASHELLS,9998,4
82400,,,BANANAS,SEASHELLS,4941,2
82500,,,PEARLS,SEASHELLS,9998,4
82500,,,BANANAS,SEASHELLS,4941,2
82600,,,PEARLS,SEASHELLS,9998,4
82600,,,BANANAS,SEASHELLS,4941,1
82700,,,PEARLS,SEASHELLS,9998,4
82700,,,BANANAS,SEASHELLS,4941,1
82800,,,PEARLS,SEASHELLS,9998,4
82800,,,BANANAS,SEASHELLS,4941,1
82900,,,PEARLS,SEASHELLS,9998,4
82900,,,BANANAS,SEASHELLS,4941,1
83000,,,PEARLS,SEASHELLS,9998,1
83000,,,BANANAS,SEASHELLS,4941,1
83100,,,PEARLS,SEASHELLS,9998,1
83100,,,BANANAS,SEASHELLS,4941,1
83200,,,PEARLS,SEASHELLS,9998,1
83200,,,BANANAS,SEASHELLS,4941,1
83300,,,PEARLS,SEASHELLS,9998,1
83300,,,BANANAS,SEASHELLS,4941,1
83400,,,PEARLS,SEASHELLS,9998,1
83400,,,BANANAS,SEASHELLS,4941,1
83500,,,PEARLS,SEASHELLS,10002,1
83500,,,BANANAS,SEASHELLS,4941,1
83600,,,PEARLS,SEASHELLS,10002,1
83600,,,BANANAS,SEASHELLS,4941,1
83700,,,PEARLS,SEASHELLS,10002,1
83700,,,BANANAS,SEASHELLS,4941,1
83800,,,PEARLS,SEASHELLS,10002,1
83800,,,BANANAS,SEASHELLS,4941,1
83900,,,PEARLS,SEASHELLS,10005,1
83900,,,BANANAS,SEASHELLS,4941,1
84000,,,PEARLS,SEASHELLS,10005,1
84000,,,BANANAS,SEASHELLS,4941,1
84100,,,PEARLS,SEASHELLS,10005,1
84100,,,BANANAS,SEASHELLS,4941,1
84200,,,PEARLS,SEASHELLS,10002,1
84200,,,BANANAS,SEASHELLS,4935,2
84300,,,PEARLS,SEASHELLS,10002,1
84300,,,BANANAS,SEASHELLS,4935,2
84400,,,PEARLS,SEASHELLS,10002,1
84400,,,BANANAS,SEASHELLS,4935,2
84500,,,PEARLS,SEASHELLS,10002,1
84500,,,BANANAS,SEASHELLS,4935,2
84600,,,PEARLS,SEASHELLS,9996,1
84600,,,BANANAS,SEASHELLS,4934,2
84700,,,PEARLS,SEASHELLS,9996,1
84700,,,BANANAS,SEASHELLS,4934,2
84800,,,PEARLS,SEASHELLS,9996,1
84800,,,BANANAS,SEASHELLS,4934,2
84900,,,PEARLS,SEASHELLS,10002,1
84900,,,BANANAS,SEASHELLS,4940,1
85000,,,PEARLS,SEASHELLS,10002,1
85000,,,BANANAS,SEASHELLS,4940,1
85100,,,PEARLS,SEASHELLS,10002,1
85100,,,BANANAS,SEASHELLS,4940,1
85200,,,PEARLS,SEASHELLS,10002,1
85200,,,BANANAS,SEASHELLS,4940,1
85300,,,PEARLS,SEASHELLS,10002,1
85300,,,BANANAS,SEASHELLS,4938,1
85400,,,PEARLS,SEASHELLS,10002,1
85400,,,BANANAS,SEASHELLS,4938,1
85500,,,PEARLS,SEASHELLS,10002,1
85500,,,BANANAS,SEASHELLS,4939,1
85600,,,PEARLS,SEASHELLS,9998,7
85600,,,BANANAS,SEASHELLS,4939,1
85700,,,PEARLS,SEASHELLS,9996,2
85700,,,BANANAS,SEASHELLS,4939,1
85800,,,PEARLS,SEASHELLS,9996,2
85800,,,BANANAS,SEASHELLS,4934,1
85900,,,PEARLS,SEASHELLS,10002,1
85900,,,BANANAS,SEASHELLS,4934,1
86000,,,PEARLS,SEASHELLS,9996,1
86000,,,BANANAS,SEASHELLS,4934,1
86100,,,PEARLS,SEASHELLS,9996,1
86100,,,BANANAS,SEASHELLS,4934,1
86200,,,PEARLS,SEASHELLS,9996,1
86200,,,BANANAS,SEASHELLS,4934,1
86300,,,PEARLS,SEASHELLS,9998,2
86300,,,BANANAS,SEASHELLS,4934,1
86400,,,PEARLS,SEASHELLS,9998,2
86400,,,BANANAS,SEASHELLS,4934,1
86500,,,PEARLS,SEASHELLS,9998,2
86500,,,BANANAS,SEASHELLS,4934,1
86600,,,PEARLS,SEASHELLS,9998,2
86600,,,BANANAS,SEASHELLS,4937,1
86700,,,PEARLS,SEASHELLS,9998,2
86700,,,BANANAS,SEASHELLS,4937,1
86800,,,PEARLS,SEASHELLS,9998,2
86800,,,BANANAS,SEASHELLS,4937,1
86900,,,PEARLS,SEASHELLS,9998,2
86900,,,BANANAS,SEASHELLS,4937,1
87000,,,PEARLS,SEASHELLS,9998,2
87000,,,BANANAS,SEASHELLS,4937,1
87100,,,PEARLS,SEASHELLS,9998,2
87100,,,BANANAS,SEASHELLS,4937,4
87200,,,PEARLS,SEASHELLS,9998,1
87200,,,BANANAS,SEASHELLS,4937,4
87200,,,BANANAS,SEASHELLS,4937,6
87300,,,PEARLS,SEASHELLS,9998,1
87300,,,BANANAS,SEASHELLS,4937,4
87300,,,BANANAS,SEASHELLS,4937,6
87400,,,PEARLS,SEASHELLS,9998,1
87400,,,BANANAS,SEASHELLS,4937,4
87400,,,BANANAS,SEASHELLS,4937,6
87500,,,PEARLS,SEASHELLS,9998,1
87500,,,BANANAS,SEASHELLS,4937,4
87500,,,BANANAS,SEASHELLS,4937,6
87600,,,PEARLS,SEASHELLS,9998,1
87600,,,BANANAS,SEASHELLS,4937,1
87700,,,PEARLS,SEASHELLS,9998,1
87700,,,BANANAS,SEASHELLS,4937,1
87800,,,PEARLS,SEASHELLS,9998,1
87800,,,BANANAS,SEASHELLS,4937,1
87900,,,PEARLS,SEASHELLS,9998,1
87900,,,BANANAS,SEASHELLS,4937,1
88000,,,PEARLS,SEASHELLS,9998,1
88000,,,BANANAS,SEASHELLS,4937,1
88100,,,PEARLS,SEASHELLS,9998,1
88100,,,BANANAS,SEASHELLS,4937,1
88200,,,PEARLS,SEASHELLS,9998,1
88200,,,BANANAS,SEASHELLS,4937,1
88300,,,PEARLS,SEASHELLS,9998,1
88300,,,BANANAS,SEASHELLS,4937,1
88400,,,PEARLS,SEASHELLS,9998,1
88400,,,BANANAS,SEASHELLS,4937,1
88500,,,PEARLS,SEASHELLS,9998,1
88500,,,BANANAS,SEASHELLS,4937,1
88600,,,PEARLS,SEASHELLS,10002,1
88600,,,BANANAS,SEASHELLS,4937,1
88700,,,PEARLS,SEASHELLS,10002,1
88700,,,BANANAS,SEASHELLS,4937,8
88800,,,PEARLS,SEASHELLS,9995,8
88800,,,BANANAS,SEASHELLS,4937,8
88900,,,PEARLS,SEASHELLS,10002,1
88900,,,BANANAS,SEASHELLS,4937,8
89000,,,PEARLS,SEASHELLS,10002,1
89000,,,PEARLS,SEASHELLS,10002,4
89000,,,BANANAS,SEASHELLS,4937,8
89100,,,PEARLS,SEASHELLS,10002,1
89100,,,PEARLS,SEASHELLS,10002,4
89100,,,BANANAS,SEASHELLS,4937,8
89200,,,PEARLS,SEASHELLS,10005,2
89200,,,BANANAS,SEASHELLS,4940,2
89300,,,PEARLS,SEASHELLS,10005,2
89300,,,BANANAS,SEASHELLS,4940,2
89400,,,PEARLS,SEASHELLS,9996,2
89400,,,BANANAS,SEASHELLS,4933,2
89500,,,PEARLS,SEASHELLS,9996,2
89500,,,BANANAS,SEASHELLS,4933,2
89600,,,PEARLS,SEASHELLS,9996,2
89600,,,BANANAS,SEASHELLS,4938,1
89700,,,PEARLS,SEASHELLS,9996,2
89700,,,BANANAS,SEASHELLS,4938,1
89800,,,PEARLS,SEASHELLS,9998,1
89800,,,BANANAS,SEASHELLS,4938,1
89900,,,PEARLS,SEASHELLS,9998,1
89900,,,PEARLS,SEASHELLS,10004,1
89900,,,PEARLS,SEASHELLS,10005,2
89900,,,BANANAS,SEASHELLS,4940,1
90000,,,PEARLS,SEASHELLS,9998,1
90000,,,PEARLS,SEASHELLS,10004,1
90000,,,PEARLS,SEASHELLS,10005,2
90000,,,BANANAS,SEASHELLS,4940,1
90100,,,PEARLS,SEASHELLS,9998,1
90100,,,PEARLS,SEASHELLS,10004,1
90100,,,PEARLS,SEASHELLS,10005,2
90100,,,BANANAS,SEASHELLS,4940,1
90200,,,PEARLS,SEASHELLS,9998,1
90200,,,PEARLS,SEASHELLS,9998,2
90200,,,BANANAS,SEASHELLS,4940,1
90300,,,PEARLS,SEASHELLS,9998,1
90300,,,PEARLS,SEASHELLS,9998,2
90300,,,BANANAS,SEASHELLS,4940,1
90400,,,PEARLS,SEASHELLS,9998,1
90400,,,PEARLS,SEASHELLS,9998,2
90400,,,BANANAS,SEASHELLS,4940,1
90500,,,PEARLS,SEASHELLS,9996,1
90500,,,BANANAS,SEASHELLS,4940,1
90600,,,PEARLS,SEASHELLS,9996,1
90600,,,BANANAS,SEASHELLS,4940,1
90700,,,PEARLS,SEASHELLS,9996,1
90700,,,BANANAS,SEASHELLS,4940,1
90800,,,PEARLS,SEASHELLS,9996,1
90800,,,BANANAS,SEASHELLS,4940,1
90900,,,PEARLS,SEASHELLS,9996,1
90900,,,BANANAS,SEASHELLS,4940,1
91000,,,PEARLS,SEASHELLS,9996,1
91000,,,BANANAS,SEASHELLS,4940,1
91100,,,PEARLS,SEASHELLS,9996,1
91100,,,BANANAS,SEASHELLS,4940,1
91200,,,PEARLS,SEASHELLS,10002,1
91200,,,BANANAS,SEASHELLS,4940,1
91300,,,PEARLS,SEASHELLS,9998,1
91300,,,PEARLS,SEASHELLS,9998,7
91300,,,BANANAS,SEASHELLS,4938,1
91400,,,PEARLS,SEASHELLS,9998,1
91400,,,PEARLS,SEASHELLS,9998,7
91400,,,PEARLS,SEASHELLS,9998,0
91400,,,PEARLS,SEASHELLS,9998,2
91400,,,BANANAS,SEASHELLS,4938,1
91500,,,PEARLS,SEASHELLS,9998,1
91500,,,PEARLS,SEASHELLS,9998,7
91500,,,PEARLS,SEASHELLS,9998,0
91500,,,PEARLS,SEASHELLS,9998,2
91500,,,BANANAS,SEASHELLS,4938,1
91600,,,PEARLS,SEASHELLS,9998,1
91600,,,PEARLS,SEASHELLS,9998,7
91600,,,PEARLS,SEASHELLS,9998,0
91600,,,PEARLS,SEASHELLS,9998,2
91600,,,BANANAS,SEASHELLS,4933,1
91700,,,PEARLS,SEASHELLS,9998,1
91700,,,BANANAS,SEASHELLS,4933,1
91800,,,PEARLS,SEASHELLS,9998,1
91800,,,BANANAS,SEASHELLS,4933,1
91900,,,PEARLS,SEASHELLS,9998,1
91900,,,BANANAS,SEASHELLS,4934,2
92000,,,PEARLS,SEASHELLS,9998,1
92000,,,BANANAS,SEASHELLS,4934,4
92100,,,PEARLS,SEASHELLS,9998,1
92100,,,BANANAS,SEASHELLS,4934,4
92200,,,PEARLS,SEASHELLS,9998,1
92200,,,BANANAS,SEASHELLS,4934,4
92300,,,PEARLS,SEASHELLS,9998,1
92300,,,BANANAS,SEASHELLS,4934,4
92400,,,PEARLS,SEASHELLS,9998,1
92400,,,BANANAS,SEASHELLS,4934,4
92500,,,PEARLS,SEASHELLS,9998,1
92500,,,BANANAS,SEASHELLS,4939,17
92500,,,BANANAS,SEASHELLS,4938,1
92600,,,PEARLS,SEASHELLS,9998,1
92600,,,BANANAS,SEASHELLS,4939,17
92600,,,BANANAS,SEASHELLS,4938,1
92700,,,PEARLS,SEASHELLS,9998,1
92700,,,BANANAS,SEASHELLS,4939,17
92700,,,BANANAS,SEASHELLS,4938,1
92800,,,PEARLS,SEASHELLS,9998,1
92800,,,BANANAS,SEASHELLS,4939,17
92800,,,BANANAS,SEASHELLS,4938,1
92900,,,PEARLS,SEASHELLS,9998,1
92900,,,BANANAS,SEASHELLS,4939,17
92900,,,BANANAS,SEASHELLS,4938,1
93000,,,PEARLS,SEASHELLS,9998,1
93000,,,BANANAS,SEASHELLS,4939,17
93000,,,BANANAS,SEASHELLS,4938,1
93100,,,PEARLS,SEASHELLS,9998,1
93100,,,BANANAS,SEASHELLS,4939,17
93100,,,BANANAS,SEASHELLS,4938,1
93200,,,PEARLS,SEASHELLS,9998,1
93200,,,BANANAS,SEASHELLS,4939,17
93200,,,BANANAS,SEASHELLS,4938,1
93300,,,PEARLS,SEASHELLS,10002,1
93300,,,BANANAS,SEASHELLS,4939,2
93400,,,PEARLS,SEASHELLS,10002,1
93400,,,BANANAS,SEASHELLS,4939,2
93500,,,PEARLS,SEASHELLS,10002,1
93500,,,BANANAS,SEASHELLS,4939,2
93600,,,PEARLS,SEASHELLS,10002,1
93600,,,BANANAS,SEASHELLS,4939,2
93700,,,PEARLS,SEASHELLS,10002,1
93700,,,BANANAS,SEASHELLS,4939,2
93800,,,PEARLS,SEASHELLS,10002,1
93800,,,BANANAS,SEASHELLS,4938,1
93900,,,PEARLS,SEASHELLS,10002,1
93900,,,BANANAS,SEASHELLS,4938,1
94000,,,PEARLS,SEASHELLS,10002,1
94000,,,BANANAS,SEASHELLS,4938,1
94100,,,PEARLS,SEASHELLS,10002,1
94100,,,BANANAS,SEASHELLS,4938,1
94200,,,PEARLS,SEASHELLS,10002,1
94200,,,BANANAS,SEASHELLS,4938,1
94300,,,PEARLS,SEASHELLS,10002,1
94300,,,BANANAS,SEASHELLS,4938,1
94400,,,PEARLS,SEASHELLS,9998,1
94400,,,BANANAS,SEASHELLS,4938,1
94500,,,PEARLS,SEASHELLS,9998,1
94500,,,BANANAS,SEASHELLS,4938,1
94600,,,PEARLS,SEASHELLS,9998,1
94600,,,BANANAS,SEASHELLS,4938,1
94700,,,PEARLS,SEASHELLS,9998,1
94700,,,BANANAS,SEASHELLS,4938,1
94800,,,PEARLS,SEASHELLS,9998,1
94800,,,BANANAS,SEASHELLS,4938,1
94900,,,PEARLS,SEASHELLS,9998,1
94900,,,BANANAS,SEASHELLS,4938,1
95000,,,PEARLS,SEASHELLS,9998,1
95000,,,BANANAS,SEASHELLS,4938,1
95100,,,PEARLS,SEASHELLS,9998,1
95100,,,BANANAS,SEASHELLS,4938,1
95200,,,PEARLS,SEASHELLS,9998,1
95200,,,BANANAS,SEASHELLS,4938,1
95300,,,PEARLS,SEASHELLS,9998,1
95300,,,BANANAS,SEASHELLS,4938,1
95400,,,PEARLS,SEASHELLS,9998,1
95400,,,BANANAS,SEASHELLS,4938,1
95500,,,PEARLS,SEASHELLS,9998,1
95500,,,BANANAS,SEASHELLS,4938,1
95600,,,PEARLS,SEASHELLS,9998,1
95600,,,BANANAS,SEASHELLS,4938,1
95700,,,PEARLS,SEASHELLS,9998,1
95700,,,BANANAS,SEASHELLS,4938,1
95800,,,PEARLS,SEASHELLS,9998,1
95800,,,BANANAS,SEASHELLS,4938,1
95900,,,PEARLS,SEASHELLS,9996,2
95900,,,PEARLS,SEASHELLS,9998,1
95900,,,BANANAS,SEASHELLS,4930,2
96000,,,PEARLS,SEASHELLS,9996,2
96000,,,PEARLS,SEASHELLS,9998,1
96000,,,BANANAS,SEASHELLS,4930,2
96100,,,PEARLS,SEASHELLS,9996,2
96100,,,PEARLS,SEASHELLS,9998,1
96100,,,BANANAS,SEASHELLS,4930,2
96200,,,PEARLS,SEASHELLS,9996,2
96200,,,PEARLS,SEASHELLS,9998,1
96200,,,BANANAS,SEASHELLS,4932,4
96300,,,PEARLS,SEASHELLS,9996,2
96300,,,PEARLS,SEASHELLS,9998,1
96300,,,BANANAS,SEASHELLS,4932,4
96400,,,PEARLS,SEASHELLS,9996,2
96400,,,PEARLS,SEASHELLS,9998,1
96400,,,BANANAS,SEASHELLS,4932,4
96500,,,PEARLS,SEASHELLS,9996,2
96500,,,PEARLS,SEASHELLS,9998,1
96500,,,BANANAS,SEASHELLS,4933,4
96600,,,PEARLS,SEASHELLS,9996,2
96600,,,PEARLS,SEASHELLS,9998,1
96600,,,BANANAS,SEASHELLS,4932,1
96700,,,PEARLS,SEASHELLS,10002,1
96700,,,BANANAS,SEASHELLS,4932,1
96800,,,PEARLS,SEASHELLS,10002,1
96800,,,BANANAS,SEASHELLS,4932,1
96900,,,PEARLS,SEASHELLS,10002,1
96900,,,BANANAS,SEASHELLS,4932,1
97000,,,PEARLS,SEASHELLS,10002,1
97000,,,BANANAS,SEASHELLS,4937,1
97100,,,PEARLS,SEASHELLS,10002,1
97100,,,BANANAS,SEASHELLS,4937,1
97200,,,PEARLS,SEASHELLS,10004,1
97200,,,BANANAS,SEASHELLS,4938,1
97300,,,PEARLS,SEASHELLS,10004,1
97300,,,BANANAS,SEASHELLS,4932,17
97400,,,PEARLS,SEASHELLS,10004,1
97400,,,BANANAS,SEASHELLS,4932,17
97500,,,PEARLS,SEASHELLS,10004,1
97500,,,BANANAS,SEASHELLS,4932,17
97600,,,PEARLS,SEASHELLS,10004,1
97600,,,BANANAS,SEASHELLS,4932,17
97700,,,PEARLS,SEASHELLS,10004,1
97700,,,BANANAS,SEASHELLS,4932,17
97800,,,PEARLS,SEASHELLS,10004,1
97800,,,BANANAS,SEASHELLS,4932,17
97900,,,PEARLS,SEASHELLS,10005,1
97900,,,BANANAS,SEASHELLS,4939,1
98000,,,PEARLS,SEASHELLS,10005,1
98000,,,BANANAS,SEASHELLS,4939,1
98100,,,PEARLS,SEASHELLS,10005,1
98100,,,BANANAS,SEASHELLS,4939,1
98200,,,PEARLS,SEASHELLS,10005,1
98200,,,BANANAS,SEASHELLS,4939,1
98300,,,PEARLS,SEASHELLS,10005,1
98300,,,BANANAS,SEASHELLS,4939,1
98400,,,PEARLS,SEASHELLS,10005,1
98400,,,BANANAS,SEASHELLS,4939,1
98500,,,PEARLS,SEASHELLS,10005,1
98500,,,BANANAS,SEASHELLS,4939,1
98600,,,PEARLS,SEASHELLS,10005,1
98600,,,BANANAS,SEASHELLS,4934,2
98700,,,PEARLS,SEASHELLS,10005,1
98700,,,BANANAS,SEASHELLS,4934,2
98800,,,PEARLS,SEASHELLS,10004,2
98800,,,BANANAS,SEASHELLS,4938,2
98900,,,PEARLS,SEASHELLS,9996,1
98900,,,PEARLS,SEASHELLS,9996,1
98900,,,PEARLS,SEASHELLS,9998,1
98900,,,BANANAS,SEASHELLS,4935,2
99000,,,PEARLS,SEASHELLS,9996,1
99000,,,PEARLS,SEASHELLS,9996,1
99000,,,PEARLS,SEASHELLS,9998,1
99000,,,BANANAS,SEASHELLS,4932,7
99100,,,PEARLS,SEASHELLS,9996,1
99100,,,PEARLS,SEASHELLS,9996,1
99100,,,PEARLS,SEASHELLS,9998,1
99100,,,BANANAS,SEASHELLS,4932,7
99200,,,PEARLS,SEASHELLS,9996,1
99200,,,PEARLS,SEASHELLS,9996,1
99200,,,PEARLS,SEASHELLS,9998,1
99200,,,BANANAS,SEASHELLS,4932,7
99300,,,PEARLS,SEASHELLS,9996,1
99300,,,PEARLS,SEASHELLS,9996,1
99300,,,PEARLS,SEASHELLS,9998,1
99300,,,BANANAS,SEASHELLS,4932,7
99400,,,PEARLS,SEASHELLS,9996,1
99400,,,PEARLS,SEASHELLS,9996,1
99400,,,PEARLS,SEASHELLS,9998,1
99400,,,BANANAS,SEASHELLS,4932,7
99500,,,PEARLS,SEASHELLS,9996,1
99500,,,PEARLS,SEASHELLS,9996,1
99500,,,PEARLS,SEASHELLS,9998,1
99500,,,BANANAS,SEASHELLS,4932,7
99600,,,PEARLS,SEASHELLS,9996,1
99600,,,PEARLS,SEASHELLS,9996,1
99600,,,PEARLS,SEASHELLS,9998,1
99600,,,BANANAS,SEASHELLS,4932,7
99700,,,PEARLS,SEASHELLS,9996,1
99700,,,PEARLS,SEASHELLS,9996,1
99700,,,PEARLS,SEASHELLS,9998,1
99700,,,BANANAS,SEASHELLS,4932,7
99800,,,PEARLS,SEASHELLS,9998,1
99800,,,BANANAS,SEASHELLS,4932,1
99900,,,PEARLS,SEASHELLS,9998,1
99900,,,BANANAS,SEASHELLS,4932,1
99900,,,BANANAS,SEASHELLS,4933,3
99900,,,BANANAS,SEASHELLS,4933,8
100000,,,PEARLS,SEASHELLS,9998,1
100000,,,BANANAS,SEASHELLS,4932,1
100000,,,BANANAS,SEASHELLS,4933,3
100000,,,BANANAS,SEASHELLS,4933,8
100100,,,PEARLS,SEASHELLS,9998,1
100100,,,BANANAS,SEASHELLS,4932,1
100100,,,BANANAS,SEASHELLS,4933,3
100100,,,BANANAS,SEASHELLS,4933,8
100200,,,PEARLS,SEASHELLS,9998,1
100200,,,BANANAS,SEASHELLS,4932,1
100200,,,BANANAS,SEASHELLS,4933,3
100200,,,BANANAS,SEASHELLS,4933,8
100300,,,PEARLS,SEASHELLS,9998,1
100300,,,BANANAS,SEASHELLS,4932,1
100300,,,BANANAS,SEASHELLS,4933,3
100300,,,BANANAS,SEASHELLS,4933,8
100400,,,PEARLS,SEASHELLS,9998,1
100400,,,BANANAS,SEASHELLS,4932,1
100500,,,PEARLS,SEASHELLS,9998,1
100500,,,BANANAS,SEASHELLS,4932,1
100600,,,PEARLS,SEASHELLS,9998,1
100600,,,BANANAS,SEASHELLS,4932,1
100700,,,PEARLS,SEASHELLS,9998,1
100700,,,BANANAS,SEASHELLS,4936,1
100800,,,PEARLS,SEASHELLS,9998,1
100800,,,BANANAS,SEASHELLS,4936,1
100900,,,PEARLS,SEASHELLS,9998,1
100900,,,BANANAS,SEASHELLS,4936,1
101000,,,PEARLS,SEASHELLS,10002,1
101000,,,BANANAS,SEASHELLS,4936,1
101100,,,PEARLS,SEASHELLS,10002,1
101100,,,BANANAS,SEASHELLS,4931,6
101100,,,BANANAS,SEASHELLS,4931,2
101100,,,BANANAS,SEASHELLS,4931,7
101200,,,PEARLS,SEASHELLS,10002,1
101200,,,BANANAS,SEASHELLS,4936,1
101300,,,PEARLS,SEASHELLS,10002,1
101300,,,BANANAS,SEASHELLS,4936,1
101400,,,PEARLS,SEASHELLS,10002,1
101400,,,BANANAS,SEASHELLS,4936,1
101500,,,PEARLS,SEASHELLS,10002,1
101500,,,BANANAS,SEASHELLS,4936,1
101600,,,PEARLS,SEASHELLS,10002,1
101600,,,BANANAS,SEASHELLS,4936,1
101700,,,PEARLS,SEASHELLS,10002,1
101700,,,BANANAS,SEASHELLS,4936,1
101800,,,PEARLS,SEASHELLS,10002,1
101800,,,BANANAS,SEASHELLS,4932,1
101800,,,BANANAS,SEASHELLS,4933,1
101900,,,PEARLS,SEASHELLS,10002,1
101900,,,BANANAS,SEASHELLS,4932,1
101900,,,BANANAS,SEASHELLS,4933,1
102000,,,PEARLS,SEASHELLS,10002,1
102000,,,BANANAS,SEASHELLS,4932,1
102000,,,BANANAS,SEASHELLS,4933,1
102100,,,PEARLS,SEASHELLS,10002,1
102100,,,BANANAS,SEASHELLS,4932,1
102100,,,BANANAS,SEASHELLS,4933,1
102200,,,PEARLS,SEASHELLS,10002,1
102200,,,BANANAS,SEASHELLS,4932,1
102200,,,BANANAS,SEASHELLS,4933,1
102300,,,PEARLS,SEASHELLS,10002,1
102300,,,BANANAS,SEASHELLS,4933,1
102400,,,PEARLS,SEASHELLS,10005,1
102400,,,BANANAS,SEASHELLS,4933,1
102400,,,BANANAS,SEASHELLS,4940,1
102500,,,PEARLS,SEASHELLS,10005,1
102500,,,BANANAS,SEASHELLS,4933,1
102500,,,BANANAS,SEASHELLS,4940,1
102600,,,PEARLS,SEASHELLS,9998,1
102600,,,BANANAS,SEASHELLS,4933,1
102600,,,BANANAS,SEASHELLS,4940,1
102700,,,PEARLS,SEASHELLS,9998,1
102700,,,BANANAS,SEASHELLS,4933,1
102700,,,BANANAS,SEASHELLS,4940,1
102800,,,PEARLS,SEASHELLS,9998,1
102800,,,BANANAS,SEASHELLS,4933,1
102800,,,BANANAS,SEASHELLS,4940,1
102900,,,PEARLS,SEASHELLS,9998,1
102900,,,BANANAS,SEASHELLS,4939,1
103000,,,PEARLS,SEASHELLS,9998,1
103000,,,BANANAS,SEASHELLS,4939,1
103100,,,PEARLS,SEASHELLS,9998,1
103100,,,BANANAS,SEASHELLS,4939,1
103200,,,PEARLS,SEASHELLS,9998,1
103200,,,BANANAS,SEASHELLS,4939,1
103300,,,PEARLS,SEASHELLS,9998,1
103300,,,BANANAS,SEASHELLS,4939,1
103400,,,PEARLS,SEASHELLS,9998,1
103400,,,BANANAS,SEASHELLS,4939,1
103500,,,PEARLS,SEASHELLS,9998,1
103500,,,BANANAS,SEASHELLS,4939,1
103600,,,PEARLS,SEASHELLS,9998,1
103600,,,BANANAS,SEASHELLS,4939,1
103700,,,PEARLS,SEASHELLS,9998,1
103700,,,BANANAS,SEASHELLS,4939,1
103800,,,PEARLS,SEASHELLS,9998,1
103800,,,BANANAS,SEASHELLS,4939,1
103900,,,PEARLS,SEASHELLS,9998,1
103900,,,BANANAS,SEASHELLS,4939,1
104000,,,PEARLS,SEASHELLS,9998,1
104000,,,BANANAS,SEASHELLS,4939,1
104100,,,PEARLS,SEASHELLS,9998,2
104100,,,BANANAS,SEASHELLS,4939,1
104200,,,PEARLS,SEASHELLS,9998,2
104200,,,BANANAS,SEASHELLS,4939,1
104300,,,PEARLS,SEASHELLS,9998,2
104300,,,BANANAS,SEASHELLS,4939,1
104400,,,PEARLS,SEASHELLS,9998,2
104400,,,BANANAS,SEASHELLS,4930,3
104500,,,PEARLS,SEASHELLS,9998,2
104500,,,BANANAS,SEASHELLS,4930,3
104600,,,PEARLS,SEASHELLS,9998,2
104600,,,BANANAS,SEASHELLS,4931,5
104700,,,PEARLS,SEASHELLS,9998,2
104700,,,BANANAS,SEASHELLS,4931,5
104800,,,PEARLS,SEASHELLS,9998,2
104800,,,BANANAS,SEASHELLS,4931,5
104900,,,PEARLS,SEASHELLS,9998,2
104900,,,BANANAS,SEASHELLS,4931,5
105000,,,PEARLS,SEASHELLS,9998,2
105000,,,BANANAS,SEASHELLS,4931,5
105100,,,PEARLS,SEASHELLS,9995,5
105100,,,BANANAS,SEASHELLS,4931,5
105200,,,PEARLS,SEASHELLS,9995,5
105200,,,BANANAS,SEASHELLS,4931,5
105300,,,PEARLS,SEASHELLS,9995,5
105300,,,BANANAS,SEASHELLS,4931,5
105400,,,PEARLS,SEASHELLS,9995,5
105400,,,BANANAS,SEASHELLS,4931,5
105500,,,PEARLS,SEASHELLS,9995,5
105500,,,BANANAS,SEASHELLS,4929,1
105600,,,PEARLS,SEASHELLS,9995,5
105600,,,BANANAS,SEASHELLS,4929,1
105600,,,BANANAS,SEASHELLS,4931,5
105700,,,PEARLS,SEASHELLS,9998,3
105700,,,BANANAS,SEASHELLS,4929,1
105700,,,BANANAS,SEASHELLS,4931,5
105800,,,PEARLS,SEASHELLS,9998,3
105800,,,BANANAS,SEASHELLS,4929,1
105800,,,BANANAS,SEASHELLS,4931,5
105900,,,PEARLS,SEASHELLS,9998,3
105900,,,BANANAS,SEASHELLS,4929,1
105900,,,BANANAS,SEASHELLS,4931,5
106000,,,PEARLS,SEASHELLS,9998,3
106000,,,BANANAS,SEASHELLS,4929,1
106000,,,BANANAS,SEASHELLS,4931,5
106100,,,PEARLS,SEASHELLS,10002,1
106100,,,BANANAS,SEASHELLS,4929,1
106100,,,BANANAS,SEASHELLS,4931,5
106200,,,PEARLS,SEASHELLS,10002,1
106200,,,BANANAS,SEASHELLS,4933,8
106300,,,PEARLS,SEASHELLS,10002,1
106300,,,BANANAS,SEASHELLS,4933,8
106400,,,PEARLS,SEASHELLS,10002,1
106400,,,BANANAS,SEASHELLS,4929,1
106500,,,PEARLS,SEASHELLS,10002,1
106500,,,BANANAS,SEASHELLS,4929,1
106600,,,PEARLS,SEASHELLS,10005,1
106600,,,BANANAS,SEASHELLS,4935,1
106700,,,PEARLS,SEASHELLS,10005,1
106700,,,BANANAS,SEASHELLS,4935,1
106800,,,PEARLS,SEASHELLS,10005,1
106800,,,BANANAS,SEASHELLS,4935,1
106900,,,PEARLS,SEASHELLS,9998,1
106900,,,BANANAS,SEASHELLS,4929,1
107000,,,PEARLS,SEASHELLS,9998,1
107000,,,BANANAS,SEASHELLS,4930,1
107100,,,PEARLS,SEASHELLS,9998,1
107100,,,BANANAS,SEASHELLS,4930,1
107200,,,PEARLS,SEASHELLS,9998,1
107200,,,BANANAS,SEASHELLS,4930,1
107300,,,PEARLS,SEASHELLS,9998,1
107300,,,BANANAS,SEASHELLS,4933,1
107400,,,PEARLS,SEASHELLS,9998,1
107400,,,BANANAS,SEASHELLS,4933,1
107400,,,BANANAS,SEASHELLS,4933,4
107500,,,PEARLS,SEASHELLS,9998,1
107500,,,BANANAS,SEASHELLS,4935,10
107600,,,PEARLS,SEASHELLS,9998,1
107600,,,BANANAS,SEASHELLS,4928,1
107700,,,PEARLS,SEASHELLS,9998,1
107700,,,BANANAS,SEASHELLS,4928,1
107800,,,PEARLS,SEASHELLS,9998,1
107800,,,BANANAS,SEASHELLS,4928,1
107900,,,PEARLS,SEASHELLS,9996,1
107900,,,BANANAS,SEASHELLS,4934,1
108000,,,PEARLS,SEASHELLS,9996,1
108000,,,BANANAS,SEASHELLS,4934,1
108100,,,PEARLS,SEASHELLS,9996,1
108100,,,BANANAS,SEASHELLS,4934,1
108200,,,PEARLS,SEASHELLS,9996,1
108200,,,BANANAS,SEASHELLS,4934,1
108300,,,PEARLS,SEASHELLS,9998,1
108300,,,BANANAS,SEASHELLS,4928,1
108400,,,PEARLS,SEASHELLS,9998,1
108400,,,BANANAS,SEASHELLS,4928,1
108400,,,BANANAS,SEASHELLS,4929,6
108500,,,PEARLS,SEASHELLS,9998,1
108500,,,BANANAS,SEASHELLS,4929,9
108600,,,PEARLS,SEASHELLS,9998,4
108600,,,BANANAS,SEASHELLS,4929,9
108700,,,PEARLS,SEASHELLS,9998,4
108700,,,PEARLS,SEASHELLS,9998,1
108700,,,BANANAS,SEASHELLS,4929,1
108800,,,PEARLS,SEASHELLS,9998,4
108800,,,PEARLS,SEASHELLS,9998,1
108800,,,BANANAS,SEASHELLS,4929,1
108900,,,PEARLS,SEASHELLS,10004,2
108900,,,BANANAS,SEASHELLS,4935,2
108900,,,BANANAS,SEASHELLS,4934,1
109000,,,PEARLS,SEASHELLS,9996,1
109000,,,PEARLS,SEASHELLS,9996,5
109000,,,BANANAS,SEASHELLS,4935,2
109000,,,BANANAS,SEASHELLS,4934,1
109100,,,PEARLS,SEASHELLS,9996,1
109100,,,PEARLS,SEASHELLS,9996,5
109100,,,BANANAS,SEASHELLS,4935,2
109100,,,BANANAS,SEASHELLS,4934,1
109200,,,PEARLS,SEASHELLS,9996,1
109200,,,PEARLS,SEASHELLS,9996,5
109200,,,BANANAS,SEASHELLS,4935,2
109200,,,BANANAS,SEASHELLS,4934,1
109300,,,PEARLS,SEASHELLS,9996,1
109300,,,PEARLS,SEASHELLS,9996,5
109300,,,BANANAS,SEASHELLS,4933,3
109400,,,PEARLS,SEASHELLS,9996,1
109400,,,PEARLS,SEASHELLS,9996,5
109400,,,BANANAS,SEASHELLS,4930,1
109500,,,PEARLS,SEASHELLS,9996,1
109500,,,PEARLS,SEASHELLS,9996,5
109500,,,BANANAS,SEASHELLS,4930,1
109600,,,PEARLS,SEASHELLS,9996,1
109600,,,PEARLS,SEASHELLS,9996,5
109600,,,BANANAS,SEASHELLS,4930,1
109700,,,PEARLS,SEASHELLS,9996,1
109700,,,PEARLS,SEASHELLS,9996,5
109700,,,BANANAS,SEASHELLS,4930,1
109800,,,PEARLS,SEASHELLS,10004,1
109800,,,BANANAS,SEASHELLS,4936,1
109900,,,PEARLS,SEASHELLS,10004,1
109900,,,BANANAS,SEASHELLS,4936,1
110000,,,PEARLS,SEASHELLS,10004,1
110000,,,BANANAS,SEASHELLS,4936,1
110100,,,PEARLS,SEASHELLS,10004,1
110100,,,BANANAS,SEASHELLS,4936,1
110200,,,PEARLS,SEASHELLS,10004,1
110200,,,BANANAS,SEASHELLS,4936,1
110300,,,PEARLS,SEASHELLS,10004,1
110300,,,BANANAS,SEASHELLS,4936,1
110400,,,PEARLS,SEASHELLS,10004,1
110400,,,BANANAS,SEASHELLS,4936,1
110500,,,PEARLS,SEASHELLS,10004,1
110500,,,BANANAS,SEASHELLS,4936,1
110600,,,PEARLS,SEASHELLS,10004,1
110600,,,BANANAS,SEASHELLS,4936,1
110700,,,PEARLS,SEASHELLS,9998,1
110700,,,BANANAS,SEASHELLS,4936,1
110800,,,PEARLS,SEASHELLS,10002,1
110800,,,BANANAS,SEASHELLS,4936,1
110900,,,PEARLS,SEASHELLS,10002,1
110900,,,BANANAS,SEASHELLS,4936,1
111000,,,PEARLS,SEASHELLS,10002,1
111000,,,BANANAS,SEASHELLS,4936,1
111100,,,PEARLS,SEASHELLS,10002,1
111100,,,BANANAS,SEASHELLS,4929,1
111200,,,PEARLS,SEASHELLS,10002,1
111200,,,BANANAS,SEASHELLS,4929,1
111300,,,PEARLS,SEASHELLS,10002,1
111300,,,BANANAS,SEASHELLS,4929,1
111400,,,PEARLS,SEASHELLS,10002,1
111400,,,BANANAS,SEASHELLS,4929,1
111500,,,PEARLS,SEASHELLS,10002,1
111500,,,BANANAS,SEASHELLS,4929,1
111600,,,PEARLS,SEASHELLS,10002,1
111600,,,BANANAS,SEASHELLS,4929,1
111700,,,PEARLS,SEASHELLS,10002,1
111700,,,BANANAS,SEASHELLS,4929,1
111800,,,PEARLS,SEASHELLS,10002,1
111800,,,BANANAS,SEASHELLS,4929,1
111900,,,PEARLS,SEASHELLS,10004,1
111900,,,BANANAS,SEASHELLS,4936,1
112000,,,PEARLS,SEASHELLS,10004,1
112000,,,BANANAS,SEASHELLS,4936,1
112100,,,PEARLS,SEASHELLS,10004,1
112100,,,BANANAS,SEASHELLS,4936,1
112200,,,PEARLS,SEASHELLS,10004,1
112200,,,BANANAS,SEASHELLS,4936,1
112300,,,PEARLS,SEASHELLS,10004,1
112300,,,BANANAS,SEASHELLS,4929,1
112400,,,PEARLS,SEASHELLS,10004,1
112400,,,BANANAS,SEASHELLS,4929,1
112500,,,PEARLS,SEASHELLS,10004,1
112500,,,BANANAS,SEASHELLS,4929,1
112600,,,PEARLS,SEASHELLS,10004,1
112600,,,BANANAS,SEASHELLS,4929,1
112700,,,PEARLS,SEASHELLS,10004,1
112700,,,BANANAS,SEASHELLS,4929,1
112800,,,PEARLS,SEASHELLS,10004,1
112800,,,BANANAS,SEASHELLS,4929,1
112900,,,PEARLS,SEASHELLS,10004,1
112900,,,BANANAS,SEASHELLS,4929,1
113000,,,PEARLS,SEASHELLS,10004,1
113000,,,BANANAS,SEASHELLS,4929,1
113100,,,PEARLS,SEASHELLS,10004,1
113100,,,BANANAS,SEASHELLS,4929,1
113200,,,PEARLS,SEASHELLS,10004,1
113200,,,BANANAS,SEASHELLS,4929,1
113300,,,PEARLS,SEASHELLS,10004,1
113300,,,BANANAS,SEASHELLS,4929,1
113400,,,PEARLS,SEASHELLS,10004,1
113400,,,BANANAS,SEASHELLS,4929,1
113500,,,PEARLS,SEASHELLS,10004,1
113500,,,BANANAS,SEASHELLS,4929,1
113600,,,PEARLS,SEASHELLS,10004,1
113600,,,BANANAS,SEASHELLS,4934,1
113700,,,PEARLS,SEASHELLS,10004,1
113700,,,BANANAS,SEASHELLS,4934,1
113800,,,PEARLS,SEASHELLS,10004,1
113800,,,BANANAS,SEASHELLS,4934,1
113900,,,PEARLS,SEASHELLS,10002,1
113900,,,BANANAS,SEASHELLS,4934,1
114000,,,PEARLS,SEASHELLS,10002,1
114000,,,BANANAS,SEASHELLS,4934,1
114100,,,PEARLS,SEASHELLS,10002,1
114100,,,BANANAS,SEASHELLS,4934,1
114200,,,PEARLS,SEASHELLS,10002,1
114200,,,BANANAS,SEASHELLS,4934,1
114300,,,PEARLS,SEASHELLS,10002,1
114300,,,BANANAS,SEASHELLS,4934,1
114400,,,PEARLS,SEASHELLS,10004,1
114400,,,BANANAS,SEASHELLS,4934,1
114400,,,BANANAS,SEASHELLS,4932,8
114500,,,PEARLS,SEASHELLS,10004,1
114500,,,BANANAS,SEASHELLS,4934,1
114500,,,BANANAS,SEASHELLS,4932,8
114600,,,PEARLS,SEASHELLS,9996,2
114600,,,PEARLS,SEASHELLS,9996,9
114600,,,BANANAS,SEASHELLS,4927,1
114700,,,PEARLS,SEASHELLS,9996,2
114700,,,PEARLS,SEASHELLS,9996,9
114700,,,BANANAS,SEASHELLS,4927,1
114800,,,PEARLS,SEASHELLS,9996,2
114800,,,PEARLS,SEASHELLS,9996,9
114800,,,BANANAS,SEASHELLS,4927,1
114900,,,PEARLS,SEASHELLS,9996,2
114900,,,PEARLS,SEASHELLS,9996,9
114900,,,BANANAS,SEASHELLS,4927,1
115000,,,PEARLS,SEASHELLS,9996,2
115000,,,PEARLS,SEASHELLS,9996,9
115000,,,BANANAS,SEASHELLS,4927,1
115100,,,PEARLS,SEASHELLS,9996,2
115100,,,PEARLS,SEASHELLS,9996,9
115100,,,BANANAS,SEASHELLS,4925,1
115200,,,PEARLS,SEASHELLS,9996,2
115200,,,PEARLS,SEASHELLS,9996,9
115200,,,BANANAS,SEASHELLS,4925,1
115300,,,PEARLS,SEASHELLS,9996,2
115300,,,PEARLS,SEASHELLS,9996,9
115300,,,BANANAS,SEASHELLS,4925,1
115400,,,PEARLS,SEASHELLS,9996,2
115400,,,PEARLS,SEASHELLS,9996,9
115400,,,BANANAS,SEASHELLS,4925,1
115500,,,PEARLS,SEASHELLS,9996,2
115500,,,PEARLS,SEASHELLS,9996,9
115500,,,BANANAS,SEASHELLS,4925,1
115600,,,PEARLS,SEASHELLS,9996,2
115600,,,PEARLS,SEASHELLS,9996,9
115600,,,BANANAS,SEASHELLS,4925,1
115700,,,PEARLS,SEASHELLS,9996,2
115700,,,PEARLS,SEASHELLS,9996,9
115700,,,BANANAS,SEASHELLS,4925,1
115800,,,PEARLS,SEASHELLS,9996,2
115800,,,PEARLS,SEASHELLS,9996,9
115800,,,BANANAS,SEASHELLS,4925,1
115900,,,PEARLS,SEASHELLS,9996,2
115900,,,PEARLS,SEASHELLS,9996,9
115900,,,BANANAS,SEASHELLS,4925,1
116000,,,PEARLS,SEASHELLS,9996,2
116000,,,PEARLS,SEASHELLS,9996,9
116000,,,BANANAS,SEASHELLS,4925,1
116100,,,PEARLS,SEASHELLS,9996,2
116100,,,PEARLS,SEASHELLS,9996,9
116100,,,BANANAS,SEASHELLS,4925,1
116200,,,PEARLS,SEASHELLS,10005,1
116200,,,BANANAS,SEASHELLS,4931,1
116300,,,PEARLS,SEASHELLS,10005,1
116300,,,BANANAS,SEASHELLS,4931,1
116400,,,PEARLS,SEASHELLS,9996,2
116400,,,BANANAS,SEASHELLS,4931,1
116500,,,PEARLS,SEASHELLS,9998,1
116500,,,BANANAS,SEASHELLS,4929,2
116600,,,PEARLS,SEASHELLS,9998,1
116600,,,BANANAS,SEASHELLS,4925,1
116700,,,PEARLS,SEASHELLS,9998,1
116700,,,BANANAS,SEASHELLS,4925,1
116800,,,PEARLS,SEASHELLS,9998,1
116800,,,BANANAS,SEASHELLS,4925,1
116900,,,PEARLS,SEASHELLS,9995,2
116900,,,BANANAS,SEASHELLS,4926,7
116900,,,BANANAS,SEASHELLS,4926,2
116900,,,BANANAS,SEASHELLS,4927,2
117000,,,PEARLS,SEASHELLS,9995,2
117000,,,BANANAS,SEASHELLS,4926,7
117000,,,BANANAS,SEASHELLS,4926,2
117000,,,BANANAS,SEASHELLS,4927,2
117100,,,PEARLS,SEASHELLS,9995,2
117100,,,BANANAS,SEASHELLS,4931,1
117100,,,BANANAS,SEASHELLS,4926,2
117200,,,PEARLS,SEASHELLS,9995,2
117200,,,BANANAS,SEASHELLS,4931,1
117200,,,BANANAS,SEASHELLS,4926,2
117300,,,PEARLS,SEASHELLS,9995,2
117300,,,BANANAS,SEASHELLS,4931,1
117300,,,BANANAS,SEASHELLS,4926,2
117400,,,PEARLS,SEASHELLS,9995,2
117400,,,BANANAS,SEASHELLS,4931,1
117500,,,PEARLS,SEASHELLS,10002,2
117500,,,BANANAS,SEASHELLS,4931,1
117600,,,PEARLS,SEASHELLS,10002,2
117600,,,BANANAS,SEASHELLS,4931,1
117700,,,PEARLS,SEASHELLS,10002,2
117700,,,BANANAS,SEASHELLS,4926,4
117700,,,BANANAS,SEASHELLS,4926,1
117700,,,BANANAS,SEASHELLS,4926,14
117800,,,PEARLS,SEASHELLS,10002,2
117800,,,BANANAS,SEASHELLS,4926,4
117800,,,BANANAS,SEASHELLS,4926,1
117800,,,BANANAS,SEASHELLS,4926,14
117900,,,PEARLS,SEASHELLS,10002,2
117900,,,BANANAS,SEASHELLS,4926,4
117900,,,BANANAS,SEASHELLS,4926,1
117900,,,BANANAS,SEASHELLS,4926,14
118000,,,PEARLS,SEASHELLS,9998,1
118000,,,BANANAS,SEASHELLS,4926,4
118000,,,BANANAS,SEASHELLS,4926,1
118000,,,BANANAS,SEASHELLS,4926,14
118100,,,PEARLS,SEASHELLS,9998,1
118100,,,BANANAS,SEASHELLS,4926,4
118100,,,BANANAS,SEASHELLS,4926,1
118100,,,BANANAS,SEASHELLS,4926,14
118200,,,PEARLS,SEASHELLS,10005,2
118200,,,BANANAS,SEASHELLS,4932,2
118300,,,PEARLS,SEASHELLS,10002,3
118300,,,BANANAS,SEASHELLS,4925,1
118400,,,PEARLS,SEASHELLS,10002,3
118400,,,BANANAS,SEASHELLS,4925,1
118500,,,PEARLS,SEASHELLS,10002,3
118500,,,BANANAS,SEASHELLS,4925,1
118600,,,PEARLS,SEASHELLS,10002,3
118600,,,BANANAS,SEASHELLS,4925,7
118700,,,PEARLS,SEASHELLS,10002,3
118700,,,BANANAS,SEASHELLS,4925,7
118800,,,PEARLS,SEASHELLS,10002,3
118800,,,BANANAS,SEASHELLS,4925,7
118900,,,PEARLS,SEASHELLS,10002,3
118900,,,BANANAS,SEASHELLS,4925,7
119000,,,PEARLS,SEASHELLS,10002,3
119000,,,BANANAS,SEASHELLS,4925,7
119100,,,PEARLS,SEASHELLS,9996,1
119100,,,PEARLS,SEASHELLS,9996,4
119100,,,PEARLS,SEASHELLS,9998,1
119100,,,BANANAS,SEASHELLS,4925,7
119200,,,PEARLS,SEASHELLS,10002,1
119200,,,BANANAS,SEASHELLS,4925,7
119300,,,PEARLS,SEASHELLS,9996,1
119300,,,PEARLS,SEASHELLS,9996,1
119300,,,BANANAS,SEASHELLS,4933,12
119300,,,BANANAS,SEASHELLS,4926,8
119300,,,BANANAS,SEASHELLS,4926,2
119400,,,PEARLS,SEASHELLS,9996,1
119400,,,PEARLS,SEASHELLS,9996,1
119400,,,BANANAS,SEASHELLS,4933,12
119400,,,BANANAS,SEASHELLS,4926,8
119400,,,BANANAS,SEASHELLS,4926,2
119500,,,PEARLS,SEASHELLS,9996,1
119500,,,PEARLS,SEASHELLS,9996,1
119500,,,BANANAS,SEASHELLS,4933,12
119500,,,BANANAS,SEASHELLS,4926,8
119500,,,BANANAS,SEASHELLS,4926,2
119600,,,PEARLS,SEASHELLS,9996,1
119600,,,PEARLS,SEASHELLS,9996,1
119600,,,BANANAS,SEASHELLS,4933,12
119600,,,BANANAS,SEASHELLS,4926,8
119600,,,BANANAS,SEASHELLS,4926,2
119700,,,PEARLS,SEASHELLS,9996,1
119700,,,PEARLS,SEASHELLS,9996,1
119700,,,BANANAS,SEASHELLS,4933,12
119700,,,BANANAS,SEASHELLS,4926,8
119700,,,BANANAS,SEASHELLS,4926,2
119800,,,PEARLS,SEASHELLS,9996,1
119800,,,PEARLS,SEASHELLS,9996,1
119800,,,BANANAS,SEASHELLS,4933,12
119800,,,BANANAS,SEASHELLS,4926,8
119800,,,BANANAS,SEASHELLS,4926,2
119900,,,PEARLS,SEASHELLS,9996,1
119900,,,PEARLS,SEASHELLS,9996,1
119900,,,BANANAS,SEASHELLS,4931,1
120000,,,PEARLS,SEASHELLS,9996,1
120000,,,PEARLS,SEASHELLS,9996,1
120000,,,BANANAS,SEASHELLS,4931,1
120100,,,PEARLS,SEASHELLS,9996,1
120100,,,PEARLS,SEASHELLS,9996,1
120100,,,BANANAS,SEASHELLS,4931,1
120100,,,BANANAS,SEASHELLS,4931,6
120200,,,PEARLS,SEASHELLS,10002,1
120200,,,BANANAS,SEASHELLS,4925,1
120300,,,PEARLS,SEASHELLS,10002,1
120300,,,BANANAS,SEASHELLS,4925,1
120400,,,PEARLS,SEASHELLS,10002,1
120400,,,BANANAS,SEASHELLS,4925,1
120500,,,PEARLS,SEASHELLS,10002,1
120500,,,BANANAS,SEASHELLS,4925,1
120600,,,PEARLS,SEASHELLS,10002,1
120600,,,BANANAS,SEASHELLS,4925,1
120700,,,PEARLS,SEASHELLS,10002,1
120700,,,BANANAS,SEASHELLS,4925,1
120800,,,PEARLS,SEASHELLS,10002,1
120800,,,BANANAS,SEASHELLS,4925,1
120900,,,PEARLS,SEASHELLS,10002,2
120900,,,BANANAS,SEASHELLS,4925,1
121000,,,PEARLS,SEASHELLS,10002,2
121000,,,BANANAS,SEASHELLS,4925,1
121100,,,PEARLS,SEASHELLS,10004,1
121100,,,BANANAS,SEASHELLS,4932,1
121200,,,PEARLS,SEASHELLS,10004,1
121200,,,BANANAS,SEASHELLS,4932,1
121300,,,PEARLS,SEASHELLS,10004,1
121300,,,BANANAS,SEASHELLS,4932,1
121400,,,PEARLS,SEASHELLS,10004,1
121400,,,BANANAS,SEASHELLS,4932,1
121500,,,PEARLS,SEASHELLS,10004,1
121500,,,BANANAS,SEASHELLS,4932,1
121600,,,PEARLS,SEASHELLS,10004,1
121600,,,BANANAS,SEASHELLS,4931,1
121700,,,PEARLS,SEASHELLS,10002,2
121700,,,BANANAS,SEASHELLS,4931,1
121700,,,BANANAS,SEASHELLS,4931,2
121800,,,PEARLS,SEASHELLS,10002,2
121800,,,BANANAS,SEASHELLS,4931,1
121900,,,PEARLS,SEASHELLS,9995,1
121900,,,BANANAS,SEASHELLS,4926,1
122000,,,PEARLS,SEASHELLS,9995,1
122000,,,BANANAS,SEASHELLS,4926,1
122100,,,PEARLS,SEASHELLS,9995,1
122100,,,BANANAS,SEASHELLS,4931,1
122200,,,PEARLS,SEASHELLS,9995,1
122200,,,BANANAS,SEASHELLS,4931,1
122300,,,PEARLS,SEASHELLS,9996,1
122300,,,BANANAS,SEASHELLS,4927,1
122300,,,BANANAS,SEASHELLS,4930,1
122400,,,PEARLS,SEASHELLS,9996,1
122400,,,BANANAS,SEASHELLS,4927,1
122400,,,BANANAS,SEASHELLS,4930,1
122500,,,PEARLS,SEASHELLS,9996,1
122500,,,BANANAS,SEASHELLS,4927,1
122500,,,BANANAS,SEASHELLS,4930,1
122600,,,PEARLS,SEASHELLS,10002,6
122600,,,PEARLS,SEASHELLS,10004,2
122600,,,PEARLS,SEASHELLS,10002,2
122600,,,BANANAS,SEASHELLS,4934,2
122700,,,PEARLS,SEASHELLS,9998,4
122700,,,BANANAS,SEASHELLS,4934,2
122800,,,PEARLS,SEASHELLS,10002,5
122800,,,BANANAS,SEASHELLS,4934,2
122900,,,PEARLS,SEASHELLS,10002,5
122900,,,BANANAS,SEASHELLS,4934,2
123000,,,PEARLS,SEASHELLS,10002,5
123000,,,BANANAS,SEASHELLS,4934,2
123100,,,PEARLS,SEASHELLS,10002,5
123100,,,BANANAS,SEASHELLS,4934,2
123200,,,PEARLS,SEASHELLS,10002,1
123200,,,BANANAS,SEASHELLS,4930,1
123300,,,PEARLS,SEASHELLS,10002,1
123300,,,BANANAS,SEASHELLS,4930,1
123400,,,PEARLS,SEASHELLS,10002,1
123400,,,BANANAS,SEASHELLS,4930,1
123500,,,PEARLS,SEASHELLS,9998,2
123500,,,BANANAS,SEASHELLS,4930,1
123600,,,PEARLS,SEASHELLS,9998,2
123600,,,BANANAS,SEASHELLS,4930,1
123700,,,PEARLS,SEASHELLS,9998,2
123700,,,BANANAS,SEASHELLS,4930,1
123800,,,PEARLS,SEASHELLS,9996,1
123800,,,BANANAS,SEASHELLS,4929,1
123900,,,PEARLS,SEASHELLS,9998,1
123900,,,BANANAS,SEASHELLS,4930,1
124000,,,PEARLS,SEASHELLS,9998,1
124000,,,BANANAS,SEASHELLS,4930,1
124000,,,BANANAS,SEASHELLS,4934,7
124100,,,PEARLS,SEASHELLS,10002,1
124100,,,BANANAS,SEASHELLS,4930,1
124100,,,BANANAS,SEASHELLS,4934,7
124200,,,PEARLS,SEASHELLS,10002,1
124200,,,BANANAS,SEASHELLS,4930,1
124200,,,BANANAS,SEASHELLS,4934,7
124300,,,PEARLS,SEASHELLS,9998,5
124300,,,BANANAS,SEASHELLS,4934,2
124300,,,BANANAS,SEASHELLS,4934,12
124400,,,PEARLS,SEASHELLS,9998,5
124400,,,BANANAS,SEASHELLS,4934,2
124400,,,BANANAS,SEASHELLS,4934,12
124500,,,PEARLS,SEASHELLS,9998,5
124500,,,BANANAS,SEASHELLS,4934,2
124500,,,BANANAS,SEASHELLS,4934,12
124600,,,PEARLS,SEASHELLS,9998,5
124600,,,BANANAS,SEASHELLS,4934,2
124600,,,BANANAS,SEASHELLS,4934,12
124700,,,PEARLS,SEASHELLS,9998,5
124700,,,BANANAS,SEASHELLS,4934,2
124700,,,BANANAS,SEASHELLS,4934,12
124800,,,PEARLS,SEASHELLS,9998,5
124800,,,BANANAS,SEASHELLS,4934,2
124800,,,BANANAS,SEASHELLS,4934,12
124900,,,PEARLS,SEASHELLS,9998,5
124900,,,BANANAS,SEASHELLS,4934,2
124900,,,BANANAS,SEASHELLS,4934,12
125000,,,PEARLS,SEASHELLS,9998,5
125000,,,BANANAS,SEASHELLS,4934,2
125000,,,BANANAS,SEASHELLS,4934,12
125100,,,PEARLS,SEASHELLS,9998,5
125100,,,BANANAS,SEASHELLS,4934,2
125100,,,BANANAS,SEASHELLS,4934,12
125200,,,PEARLS,SEASHELLS,9998,5
125200,,,BANANAS,SEASHELLS,4934,2
125200,,,BANANAS,SEASHELLS,4934,12
125300,,,PEARLS,SEASHELLS,9998,5
125300,,,BANANAS,SEASHELLS,4933,1
125400,,,PEARLS,SEASHELLS,9998,5
125400,,,BANANAS,SEASHELLS,4933,1
125500,,,PEARLS,SEASHELLS,10004,1
125500,,,BANANAS,SEASHELLS,4935,1
125600,,,PEARLS,SEASHELLS,10004,1
125600,,,BANANAS,SEASHELLS,4933,1
125700,,,PEARLS,SEASHELLS,10004,1
125700,,,BANANAS,SEASHELLS,4933,1
125800,,,PEARLS,SEASHELLS,10004,1
125800,,,BANANAS,SEASHELLS,4933,1
125900,,,PEARLS,SEASHELLS,9998,1
125900,,,BANANAS,SEASHELLS,4933,1
126000,,,PEARLS,SEASHELLS,9998,1
126000,,,BANANAS,SEASHELLS,4933,1
126000,,,BANANAS,SEASHELLS,4933,1
126100,,,PEARLS,SEASHELLS,9998,1
126100,,,BANANAS,SEASHELLS,4933,1
126100,,,BANANAS,SEASHELLS,4933,1
126200,,,PEARLS,SEASHELLS,9998,1
126200,,,BANANAS,SEASHELLS,4928,1
126300,,,PEARLS,SEASHELLS,9998,1
126300,,,BANANAS,SEASHELLS,4928,1
126400,,,PEARLS,SEASHELLS,9998,1
126400,,,BANANAS,SEASHELLS,4928,1
126500,,,PEARLS,SEASHELLS,9998,2
126500,,,BANANAS,SEASHELLS,4935,2
126600,,,PEARLS,SEASHELLS,9998,2
126600,,,BANANAS,SEASHELLS,4929,1
126700,,,PEARLS,SEASHELLS,9998,2
126700,,,BANANAS,SEASHELLS,4929,1
126800,,,PEARLS,SEASHELLS,9998,1
126800,,,PEARLS,SEASHELLS,9998,1
