timestamp,buyer,seller,symbol,currency,price,quantity
0,Paris,Caesar,PEARLS,SEASHELLS,10004.0,1
0,Paris,Charlie,BANANAS,SEASHELLS,4952.0,1
1100,Caesar,Gary,PEARLS,SEASHELLS,9996.0,2
1300,Pablo,Caesar,BANANAS,SEASHELLS,4949.0,3
1600,Charlie,Pablo,COCONUTS,SEASHELLS,8000.0,30
1700,Paris,Camilla,PEARLS,SEASHELLS,10002.0,1
1800,Paris,Charlie,PEARLS,SEASHELLS,10002.0,1
1900,Paris,Charlie,BANANAS,SEASHELLS,4950.0,1
2000,Charlie,Paris,PEARLS,SEASHELLS,9998.0,1
2400,Caesar,Paris,BANANAS,SEASHELLS,4947.0,1
2500,Charlie,Caesar,BANANAS,SEASHELLS,4949.0,2
2800,Charlie,Peter,COCONUTS,SEASHELLS,7997.0,10
2900,Caesar,Gary,PEARLS,SEASHELLS,9996.0,1
2900,Charlie,Gary,PEARLS,SEASHELLS,9996.0,11
3000,Paris,Charlie,BANANAS,SEASHELLS,4953.0,1
3000,Paris,Charlie,PEARLS,SEASHELLS,10005.0,1
3100,Caesar,Paris,PEARLS,SEASHELLS,9996.0,2
3100,Charlie,Paris,BANANAS,SEASHELLS,4947.0,2
3200,Caesar,Paris,PEARLS,SEASHELLS,9996.0,1
3200,Charlie,Paris,BANANAS,SEASHELLS,4947.0,1
3200,Caesar,Paris,BANANAS,SEASHELLS,4947.0,1
3200,Charlie,Paris,PEARLS,SEASHELLS,9996.0,1
3400,Caesar,Caesar,COCONUTS,SEASHELLS,7996.0,40
3700,Paris,Charlie,PEARLS,SEASHELLS,10002.0,1
3800,Gary,Charlie,BANANAS,SEASHELLS,4952.0,9
3800,Gary,Paris,BANANAS,SEASHELLS,4952.0,1
3800,Caesar,Paris,PEARLS,SEASHELLS,9996.0,1
3800,Gary,Camilla,BANANAS,SEASHELLS,4952.0,10
4200,Caesar,Penelope,PEARLS,SEASHELLS,9996.0,2
4300,Paris,Paris,BANANAS,SEASHELLS,4951.0,1
4300,Charlie,Paris,PEARLS,SEASHELLS,9995.0,2
4500,Charlie,Paris,BANANAS,SEASHELLS,4946.0,1
4800,Paris,Caesar,BANANAS,SEASHELLS,4952.0,2
4800,Paris,Caesar,PEARLS,SEASHELLS,10004.0,2
4900,Gary,Camilla,BANANAS,SEASHELLS,4950.0,7
4900,Gary,Charlie,BANANAS,SEASHELLS,4950.0,9
5100,Pablo,Caesar,BANANAS,SEASHELLS,4951.0,4
5200,Charlie,Peter,COCONUTS,SEASHELLS,7997.0,9
5300,Paris,Charlie,BANANAS,SEASHELLS,4952.0,1
5700,Camilla,Paris,BANANAS,SEASHELLS,4948.0,1
6100,Charlie,Paris,BANANAS,SEASHELLS,4948.0,1
6500,Charlie,Paris,PEARLS,SEASHELLS,9998.0,1
6600,Gary,Caesar,PEARLS,SEASHELLS,10004.0,2
6700,Pablo,Camilla,PEARLS,SEASHELLS,10002.0,3
6900,Paris,Camilla,BANANAS,SEASHELLS,4952.0,1
6900,Paris,Camilla,PEARLS,SEASHELLS,10002.0,1
7000,Paris,Charlie,BANANAS,SEASHELLS,4954.0,2
7000,Paris,Charlie,PEARLS,SEASHELLS,10005.0,2
7200,Peter,Charlie,PINA_COLADAS,SEASHELLS,15015.0,4
7200,Camilla,Penelope,BANANAS,SEASHELLS,4948.0,5
7300,Paris,Caesar,PEARLS,SEASHELLS,10004.0,2
7300,Paris,Charlie,BANANAS,SEASHELLS,4954.0,2
7400,Charlie,Paris,BANANAS,SEASHELLS,4947.0,1
7700,Charlie,Paris,BANANAS,SEASHELLS,4946.0,1
8100,Caesar,Gary,PEARLS,SEASHELLS,9996.0,1
8100,Paris,Gary,PEARLS,SEASHELLS,9996.0,1
8100,Caesar,Pablo,PINA_COLADAS,SEASHELLS,15011.0,6
8100,Paris,Charlie,BANANAS,SEASHELLS,4952.0,1
8600,Charlie,Paris,BANANAS,SEASHELLS,4944.0,1
8800,Charlie,Caesar,BANANAS,SEASHELLS,4948.0,1
8800,Charlie,Paris,PEARLS,SEASHELLS,9998.0,1
9200,Paris,Charlie,BANANAS,SEASHELLS,4951.0,1
10300,Camilla,Paris,PEARLS,SEASHELLS,9998.0,1
10300,Paris,Caesar,BANANAS,SEASHELLS,4951.0,1
10300,Charlie,Caesar,BANANAS,SEASHELLS,4948.0,1
10300,Charlie,Peter,PINA_COLADAS,SEASHELLS,15027.0,4
10400,Paris,Charlie,PEARLS,SEASHELLS,10002.0,1
10800,Gary,Charlie,PEARLS,SEASHELLS,10004.0,10
10800,Gary,Caesar,PEARLS,SEASHELLS,10004.0,2
11100,Charlie,Penelope,PEARLS,SEASHELLS,9998.0,4
11100,Camilla,Penelope,PEARLS,SEASHELLS,9998.0,3
11400,Caesar,Paris,PEARLS,SEASHELLS,9996.0,1
11400,Charlie,Paris,BANANAS,SEASHELLS,4945.0,2
11400,Caesar,Peter,COCONUTS,SEASHELLS,8004.0,10
11500,Pablo,Camilla,PEARLS,SEASHELLS,10002.0,2
11800,Paris,Charlie,BANANAS,SEASHELLS,4950.0,1
12000,Paris,Charlie,PEARLS,SEASHELLS,10002.0,1
12500,Charlie,Paris,BANANAS,SEASHELLS,4943.0,1
12900,Caesar,Peter,COCONUTS,SEASHELLS,8003.0,6
13000,Paris,Charlie,PEARLS,SEASHELLS,10002.0,1
13000,Paris,Charlie,BANANAS,SEASHELLS,4949.0,1
13200,Camilla,Pablo,PEARLS,SEASHELLS,9998.0,2
13300,Paris,Charlie,BANANAS,SEASHELLS,4951.0,2
13300,Paris,Charlie,PEARLS,SEASHELLS,10005.0,2
13600,Charlie,Paris,BANANAS,SEASHELLS,4944.0,1
14200,Charlie,Paris,BANANAS,SEASHELLS,4942.0,1
14300,Gary,Caesar,BANANAS,SEASHELLS,4949.0,2
14700,Caesar,Pablo,PINA_COLADAS,SEASHELLS,15025.0,8
15200,Camilla,Paris,BANANAS,SEASHELLS,4943.0,1
15300,Penelope,Camilla,PEARLS,SEASHELLS,10002.0,1
15400,Charlie,Paris,PEARLS,SEASHELLS,9998.0,1
15600,Paris,Caesar,PEARLS,SEASHELLS,10004.0,2
15600,Paris,Charlie,BANANAS,SEASHELLS,4950.0,2
15600,Charlie,Pablo,COCONUTS,SEASHELLS,8002.0,13
15700,Gina,Camilla,PEARLS,SEASHELLS,10002.0,1
15800,Paris,Charlie,BANANAS,SEASHELLS,4949.0,1
16200,Paris,Charlie,BANANAS,SEASHELLS,4950.0,1
16200,Charlie,Paris,PEARLS,SEASHELLS,9998.0,1
16300,Gary,Caesar,PEARLS,SEASHELLS,10004.0,1
16400,Pablo,Camilla,PEARLS,SEASHELLS,10002.0,1
16600,Camilla,Pablo,BANANAS,SEASHELLS,4946.0,3
16600,Charlie,Pablo,BANANAS,SEASHELLS,4946.0,1
16600,Camilla,Paris,BANANAS,SEASHELLS,4945.0,1
16700,Paris,Charlie,PEARLS,SEASHELLS,10002.0,1
16700,Caesar,Caesar,PINA_COLADAS,SEASHELLS,15036.0,30
16700,Paris,Pablo,BANANAS,SEASHELLS,4946.0,1
16700,Charlie,Pablo,BANANAS,SEASHELLS,4946.0,4
16800,Charlie,Penelope,PEARLS,SEASHELLS,9995.0,5
17200,Pablo,Caesar,PINA_COLADAS,SEASHELLS,15036.0,11
17300,Pablo,Camilla,BANANAS,SEASHELLS,4950.0,2
17300,Pablo,Caesar,BANANAS,SEASHELLS,4950.0,1
17300,Caesar,Caesar,COCONUTS,SEASHELLS,7999.0,52
18100,Charlie,Pablo,COCONUTS,SEASHELLS,7996.0,22
18200,Charlie,Paris,BANANAS,SEASHELLS,4945.0,1
19300,Caesar,Paris,PEARLS,SEASHELLS,9996.0,1
19300,Charlie,Paris,BANANAS,SEASHELLS,4945.0,1
19700,Paris,Charlie,PEARLS,SEASHELLS,10002.0,1
19700,Charlie,Paris,BANANAS,SEASHELLS,4946.0,1
19900,Pablo,Charlie,BANANAS,SEASHELLS,4950.0,5
20100,Pablo,Charlie,PEARLS,SEASHELLS,10002.0,1
20100,Pablo,Camilla,PEARLS,SEASHELLS,10002.0,4
20200,Charlie,Paris,PEARLS,SEASHELLS,9998.0,1
20300,Charlie,Paris,BANANAS,SEASHELLS,4946.0,1
20500,Caesar,Paris,PEARLS,SEASHELLS,9998.0,1
20700,Paris,Gary,PEARLS,SEASHELLS,10002.0,1
20800,Charlie,Pablo,PINA_COLADAS,SEASHELLS,15027.0,6
21200,Charlie,Paris,PEARLS,SEASHELLS,9998.0,1
21300,Caesar,Penelope,PEARLS,SEASHELLS,9996.0,1
21300,Pablo,Caesar,PINA_COLADAS,SEASHELLS,15024.0,14
21300,Charlie,Penelope,PEARLS,SEASHELLS,9996.0,7
22100,Caesar,Paris,BANANAS,SEASHELLS,4948.0,1
22200,Camilla,Gary,PEARLS,SEASHELLS,9998.0,6
22300,Charlie,Gary,BANANAS,SEASHELLS,4948.0,19
22400,Gary,Charlie,BANANAS,SEASHELLS,4955.0,12
22400,Gary,Paris,PEARLS,SEASHELLS,9998.0,1
22700,Caesar,Paris,BANANAS,SEASHELLS,4949.0,1
22800,Charlie,Pablo,PEARLS,SEASHELLS,9998.0,2
22800,Charlie,Paris,BANANAS,SEASHELLS,4948.0,1
23200,Camilla,Paris,PEARLS,SEASHELLS,9998.0,2
23200,Gina,Paris,BANANAS,SEASHELLS,4953.0,2
23300,Paris,Pablo,PEARLS,SEASHELLS,9998.0,1
23500,Camilla,Paris,BANANAS,SEASHELLS,4948.0,1
23700,Paris,Penelope,PEARLS,SEASHELLS,10002.0,1
23800,Paris,Gary,BANANAS,SEASHELLS,4953.0,1
23900,Paris,Charlie,BANANAS,SEASHELLS,4953.0,1
24100,Caesar,Penelope,PEARLS,SEASHELLS,9996.0,1
24100,Charlie,Penelope,PEARLS,SEASHELLS,9996.0,7
24100,Paris,Charlie,BANANAS,SEASHELLS,4952.0,1
24300,Pablo,Charlie,BANANAS,SEASHELLS,4949.0,2
24300,Pablo,Camilla,BANANAS,SEASHELLS,4949.0,1
24500,Paris,Paris,PEARLS,SEASHELLS,10002.0,1
24500,Caesar,Paris,BANANAS,SEASHELLS,4948.0,1
24600,Charlie,Pablo,PEARLS,SEASHELLS,9998.0,2
25100,Paris,Charlie,PEARLS,SEASHELLS,10002.0,1
25200,Paris,Gina,PEARLS,SEASHELLS,10002.0,1
25200,Camilla,Gina,PEARLS,SEASHELLS,9998.0,3
25200,Charlie,Gina,PEARLS,SEASHELLS,9998.0,5
25200,Paris,Charlie,BANANAS,SEASHELLS,4949.0,1
25300,Charlie,Paris,BANANAS,SEASHELLS,4944.0,1
25700,Penelope,Caesar,PEARLS,SEASHELLS,10004.0,2
26300,Charlie,Paris,PEARLS,SEASHELLS,9998.0,1
26400,Charlie,Paris,BANANAS,SEASHELLS,4945.0,1
26600,Charlie,Paris,PEARLS,SEASHELLS,9998.0,1
26900,Charlie,Paris,BANANAS,SEASHELLS,4945.0,1
27300,Paris,Charlie,BANANAS,SEASHELLS,4951.0,1
27500,Charlie,Peter,PINA_COLADAS,SEASHELLS,15023.0,2
27600,Camilla,Paris,BANANAS,SEASHELLS,4946.0,1
27600,Camilla,Pablo,PEARLS,SEASHELLS,9998.0,4
27800,Caesar,Caesar,COCONUTS,SEASHELLS,7991.0,58
27900,Paris,Camilla,BANANAS,SEASHELLS,4952.0,1
28000,Camilla,Penelope,BANANAS,SEASHELLS,4947.0,2
28200,Charlie,Pablo,PEARLS,SEASHELLS,9998.0,2
28400,Charlie,Paris,BANANAS,SEASHELLS,4947.0,1
29000,Gary,Paris,BANANAS,SEASHELLS,4950.0,1
29000,Penelope,Charlie,PEARLS,SEASHELLS,10005.0,8
29400,Pablo,Paris,PEARLS,SEASHELLS,10002.0,1
29400,Caesar,Paris,BANANAS,SEASHELLS,4950.0,1
29700,Caesar,Paris,BANANAS,SEASHELLS,4950.0,1
30000,Camilla,Paris,PEARLS,SEASHELLS,9998.0,1
30000,Camilla,Penelope,PEARLS,SEASHELLS,9998.0,3
30000,Charlie,Pablo,COCONUTS,SEASHELLS,7995.0,26
30300,Paris,Camilla,BANANAS,SEASHELLS,4954.0,1
30600,Paris,Camilla,PEARLS,SEASHELLS,10002.0,1
30600,Caesar,Paris,BANANAS,SEASHELLS,4949.0,1
30600,Penelope,Camilla,BANANAS,SEASHELLS,4953.0,3
30600,Paris,Camilla,BANANAS,SEASHELLS,4953.0,1
30700,Caesar,Gina,BANANAS,SEASHELLS,4949.0,1
31600,Paris,Charlie,BANANAS,SEASHELLS,4956.0,1
31700,Caesar,Caesar,PINA_COLADAS,SEASHELLS,15004.0,34
31900,Penelope,Charlie,PEARLS,SEASHELLS,10005.0,2
32000,Peter,Charlie,COCONUTS,SEASHELLS,7999.0,8
32400,Charlie,Paris,BANANAS,SEASHELLS,4951.0,1
32500,Camilla,Paris,BANANAS,SEASHELLS,4950.0,1
32600,Paris,Charlie,BANANAS,SEASHELLS,4957.0,2
32600,Paris,Charlie,PEARLS,SEASHELLS,10005.0,2
32600,Paris,Charlie,PEARLS,SEASHELLS,10002.0,1
32800,Penelope,Charlie,BANANAS,SEASHELLS,4956.0,7
32800,Caesar,Gary,PEARLS,SEASHELLS,9996.0,2
32800,Caesar,Caesar,COCONUTS,SEASHELLS,7996.0,43
33000,Paris,Camilla,BANANAS,SEASHELLS,4955.0,1
33000,Gina,Camilla,PEARLS,SEASHELLS,10002.0,6
33200,Charlie,Paris,BANANAS,SEASHELLS,4949.0,1
33400,Pablo,Camilla,BANANAS,SEASHELLS,4954.0,1
33500,Paris,Caesar,PEARLS,SEASHELLS,10004.0,1
33500,Paris,Charlie,BANANAS,SEASHELLS,4956.0,1
33600,Gina,Charlie,PEARLS,SEASHELLS,10002.0,6
33800,Charlie,Gina,BANANAS,SEASHELLS,4949.0,7
34000,Caesar,Paris,BANANAS,SEASHELLS,4949.0,1
34100,Caesar,Penelope,PEARLS,SEASHELLS,9996.0,1
34100,Charlie,Penelope,PEARLS,SEASHELLS,9996.0,2
34300,Paris,Charlie,PEARLS,SEASHELLS,10002.0,1
34600,Pablo,Charlie,BANANAS,SEASHELLS,4953.0,1
34600,Pablo,Paris,BANANAS,SEASHELLS,4953.0,1
35000,Paris,Charlie,BANANAS,SEASHELLS,4954.0,1
35000,Paris,Charlie,PEARLS,SEASHELLS,10002.0,1
35100,Pablo,Charlie,PEARLS,SEASHELLS,10002.0,3
35400,Paris,Charlie,BANANAS,SEASHELLS,4956.0,1
35400,Pablo,Charlie,PEARLS,SEASHELLS,10002.0,3
36000,Pablo,Camilla,BANANAS,SEASHELLS,4955.0,3
36100,Gina,Camilla,PEARLS,SEASHELLS,10002.0,1
36200,Charlie,Paris,PEARLS,SEASHELLS,9998.0,1
36200,Penelope,Charlie,BANANAS,SEASHELLS,4957.0,11
36400,Paris,Charlie,BANANAS,SEASHELLS,4955.0,1
36700,Caesar,Caesar,COCONUTS,SEASHELLS,7989.0,54
36800,Caesar,Pablo,PINA_COLADAS,SEASHELLS,14973.0,12
37300,Charlie,Paris,BANANAS,SEASHELLS,4950.0,1
37500,Caesar,Paris,PEARLS,SEASHELLS,9996.0,1
37500,Charlie,Paris,BANANAS,SEASHELLS,4950.0,1
37800,Charlie,Paris,BANANAS,SEASHELLS,4950.0,1
37900,Charlie,Pablo,BANANAS,SEASHELLS,4952.0,2
38000,Charlie,Peter,PINA_COLADAS,SEASHELLS,14976.0,2
38300,Charlie,Peter,PINA_COLADAS,SEASHELLS,14976.0,2
38500,Paris,Charlie,PEARLS,SEASHELLS,10002.0,1
38600,Caesar,Paris,BANANAS,SEASHELLS,4949.0,1
38600,Caesar,Paris,PEARLS,SEASHELLS,9996.0,1
38800,Caesar,Gary,PEARLS,SEASHELLS,9996.0,1
39200,Peter,Caesar,COCONUTS,SEASHELLS,7991.0,5
39200,Paris,Charlie,BANANAS,SEASHELLS,4955.0,1
39200,Camilla,Paris,PEARLS,SEASHELLS,9998.0,1
39400,Paris,Caesar,PEARLS,SEASHELLS,10004.0,1
39400,Paris,Charlie,BANANAS,SEASHELLS,4956.0,1
39500,Charlie,Paris,PEARLS,SEASHELLS,9998.0,1
40500,Charlie,Paris,BANANAS,SEASHELLS,4948.0,1
40600,Gary,Charlie,BANANAS,SEASHELLS,4954.0,13
40900,Penelope,Charlie,BANANAS,SEASHELLS,4955.0,5
40900,Gary,Caesar,PEARLS,SEASHELLS,10004.0,2
40900,Gary,Paris,PEARLS,SEASHELLS,10004.0,1
40900,Gary,Charlie,PEARLS,SEASHELLS,10004.0,8
40900,Camilla,Paris,BANANAS,SEASHELLS,4949.0,1
41000,Charlie,Paris,BANANAS,SEASHELLS,4948.0,1
41100,Charlie,Paris,BANANAS,SEASHELLS,4947.0,1
41700,Charlie,Paris,BANANAS,SEASHELLS,4948.0,1
42400,Charlie,Paris,BANANAS,SEASHELLS,4948.0,1
42500,Gary,Camilla,PEARLS,SEASHELLS,10002.0,3
42500,Gary,Paris,PEARLS,SEASHELLS,10002.0,1
42500,Charlie,Paris,BANANAS,SEASHELLS,4948.0,1
42600,Charlie,Paris,BANANAS,SEASHELLS,4947.0,2
42600,Charlie,Paris,PEARLS,SEASHELLS,9995.0,2
42900,Paris,Charlie,PEARLS,SEASHELLS,10005.0,2
42900,Paris,Charlie,BANANAS,SEASHELLS,4953.0,2
43500,Camilla,Paris,BANANAS,SEASHELLS,4946.0,1
43900,Pablo,Charlie,PEARLS,SEASHELLS,10002.0,4
44400,Charlie,Pablo,COCONUTS,SEASHELLS,7984.0,19
44500,Paris,Charlie,BANANAS,SEASHELLS,4951.0,1
44800,Charlie,Paris,PEARLS,SEASHELLS,9998.0,1
45000,Paris,Charlie,PEARLS,SEASHELLS,10002.0,1
45400,Charlie,Paris,BANANAS,SEASHELLS,4946.0,1
45500,Caesar,Penelope,BANANAS,SEASHELLS,4946.0,1
45500,Charlie,Penelope,BANANAS,SEASHELLS,4946.0,3
45600,Charlie,Peter,COCONUTS,SEASHELLS,7977.0,7
45700,Penelope,Charlie,BANANAS,SEASHELLS,4952.0,8
45800,Caesar,Paris,BANANAS,SEASHELLS,4946.0,1
45900,Paris,Charlie,BANANAS,SEASHELLS,4952.0,2
45900,Paris,Charlie,PEARLS,SEASHELLS,10004.0,1
45900,Paris,Caesar,PEARLS,SEASHELLS,10004.0,1
46600,Camilla,Paris,BANANAS,SEASHELLS,4945.0,2
46600,Camilla,Paris,PEARLS,SEASHELLS,9998.0,2
46900,Paris,Charlie,BANANAS,SEASHELLS,4950.0,1
47100,Charlie,Paris,PEARLS,SEASHELLS,9998.0,1
47100,Penelope,Charlie,BANANAS,SEASHELLS,4951.0,5
47500,Pablo,Camilla,PEARLS,SEASHELLS,10002.0,4
48100,Charlie,Paris,PEARLS,SEASHELLS,9995.0,2
48100,Charlie,Paris,BANANAS,SEASHELLS,4942.0,2
48600,Charlie,Pablo,BANANAS,SEASHELLS,4943.0,4
48600,Caesar,Paris,PEARLS,SEASHELLS,9996.0,1
48600,Charlie,Paris,BANANAS,SEASHELLS,4942.0,1
48700,Gary,Charlie,BANANAS,SEASHELLS,4948.0,20
49000,Charlie,Paris,BANANAS,SEASHELLS,4942.0,1
49300,Camilla,Paris,BANANAS,SEASHELLS,4940.0,1
49600,Paris,Charlie,BANANAS,SEASHELLS,4946.0,1
49700,Penelope,Charlie,BANANAS,SEASHELLS,4947.0,4
49700,Penelope,Caesar,BANANAS,SEASHELLS,4947.0,2
49900,Paris,Charlie,PEARLS,SEASHELLS,10005.0,2
49900,Camilla,Gina,PEARLS,SEASHELLS,9998.0,6
49900,Paris,Charlie,BANANAS,SEASHELLS,4948.0,2
50400,Camilla,Paris,PEARLS,SEASHELLS,9998.0,1
50600,Charlie,Paris,BANANAS,SEASHELLS,4942.0,1
50600,Paris,Paris,PEARLS,SEASHELLS,10002.0,1
50800,Peter,Charlie,COCONUTS,SEASHELLS,7979.0,7
50900,Caesar,Caesar,PINA_COLADAS,SEASHELLS,14960.0,28
51100,Camilla,Gary,BANANAS,SEASHELLS,4942.0,6
51300,Charlie,Gina,BANANAS,SEASHELLS,4942.0,12
51600,Paris,Camilla,PEARLS,SEASHELLS,10002.0,1
51600,Pablo,Charlie,BANANAS,SEASHELLS,4945.0,5
51600,Paris,Charlie,BANANAS,SEASHELLS,4946.0,1
51600,Paris,Camilla,BANANAS,SEASHELLS,4946.0,1
51600,Paris,Charlie,PEARLS,SEASHELLS,10002.0,1
51700,Charlie,Gary,PEARLS,SEASHELLS,9995.0,11
51900,Caesar,Penelope,PEARLS,SEASHELLS,9996.0,1
52100,Charlie,Penelope,PEARLS,SEASHELLS,9995.0,8
52300,Paris,Charlie,BANANAS,SEASHELLS,4946.0,1
52300,Paris,Charlie,PEARLS,SEASHELLS,10002.0,1
52600,Camilla,Gary,BANANAS,SEASHELLS,4942.0,1
52600,Charlie,Gary,BANANAS,SEASHELLS,4942.0,19
52700,Charlie,Paris,BANANAS,SEASHELLS,4941.0,1
52900,Penelope,Charlie,PEARLS,SEASHELLS,10005.0,6
53900,Paris,Caesar,BANANAS,SEASHELLS,4950.0,2
53900,Paris,Caesar,PEARLS,SEASHELLS,10004.0,2
54100,Camilla,Paris,BANANAS,SEASHELLS,4945.0,1
54100,Camilla,Paris,PEARLS,SEASHELLS,9998.0,1
54200,Charlie,Gina,BANANAS,SEASHELLS,4944.0,8
54300,Penelope,Paris,PEARLS,SEASHELLS,10004.0,1
54300,Penelope,Caesar,PEARLS,SEASHELLS,10004.0,2
54300,Paris,Paris,BANANAS,SEASHELLS,4949.0,1
54600,Pablo,Charlie,PEARLS,SEASHELLS,10002.0,3
55000,Charlie,Paris,BANANAS,SEASHELLS,4943.0,1
55100,Gary,Charlie,BANANAS,SEASHELLS,4950.0,12
55100,Paris,Charlie,BANANAS,SEASHELLS,4950.0,2
55100,Paris,Charlie,PEARLS,SEASHELLS,10005.0,2
55500,Paris,Camilla,BANANAS,SEASHELLS,4948.0,1
55700,Charlie,Paris,BANANAS,SEASHELLS,4943.0,1
55700,Caesar,Paris,PEARLS,SEASHELLS,9996.0,1
55900,Caesar,Pablo,COCONUTS,SEASHELLS,7977.0,29
57200,Pablo,Charlie,PEARLS,SEASHELLS,10002.0,2
57200,Paris,Charlie,BANANAS,SEASHELLS,4948.0,1
57500,Peter,Charlie,COCONUTS,SEASHELLS,7976.0,9
57500,Charlie,Pablo,PINA_COLADAS,SEASHELLS,14923.0,12
57700,Charlie,Pablo,COCONUTS,SEASHELLS,7972.0,27
57800,Camilla,Paris,PEARLS,SEASHELLS,9998.0,1
57900,Paris,Caesar,BANANAS,SEASHELLS,4950.0,2
57900,Paris,Paris,PEARLS,SEASHELLS,9998.0,1
58000,Charlie,Pablo,PEARLS,SEASHELLS,9998.0,4
58100,Penelope,Charlie,PEARLS,SEASHELLS,10005.0,3
58600,Paris,Charlie,PEARLS,SEASHELLS,10002.0,1
58800,Charlie,Gary,PEARLS,SEASHELLS,9995.0,12
59100,Paris,Charlie,PEARLS,SEASHELLS,10005.0,1
59100,Paris,Charlie,BANANAS,SEASHELLS,4951.0,1
59300,Charlie,Paris,BANANAS,SEASHELLS,4944.0,1
59900,Charlie,Gary,BANANAS,SEASHELLS,4945.0,19
60000,Camilla,Penelope,PEARLS,SEASHELLS,9998.0,2
60000,Paris,Charlie,PEARLS,SEASHELLS,10005.0,1
60000,Paris,Charlie,BANANAS,SEASHELLS,4952.0,1
60200,Pablo,Paris,BANANAS,SEASHELLS,4950.0,1
60200,Charlie,Gary,PEARLS,SEASHELLS,9995.0,8
60200,Pablo,Charlie,BANANAS,SEASHELLS,4950.0,3
60500,Caesar,Caesar,COCONUTS,SEASHELLS,7964.0,70
60700,Paris,Charlie,BANANAS,SEASHELLS,4951.0,1
60700,Pablo,Charlie,BANANAS,SEASHELLS,4950.0,2
60800,Charlie,Paris,BANANAS,SEASHELLS,4945.0,1
60900,Penelope,Charlie,BANANAS,SEASHELLS,4951.0,4
61400,Charlie,Gina,BANANAS,SEASHELLS,4945.0,11
61700,Charlie,Paris,BANANAS,SEASHELLS,4945.0,1
61900,Paris,Charlie,BANANAS,SEASHELLS,4951.0,2
61900,Paris,Paris,PEARLS,SEASHELLS,9998.0,1
62000,Paris,Charlie,BANANAS,SEASHELLS,4949.0,1
62100,Charlie,Penelope,BANANAS,SEASHELLS,4944.0,2
62200,Pablo,Camilla,PEARLS,SEASHELLS,10002.0,4
62300,Penelope,Charlie,PEARLS,SEASHELLS,10005.0,2
62900,Charlie,Pablo,PEARLS,SEASHELLS,9998.0,4
63000,Paris,Charlie,BANANAS,SEASHELLS,4948.0,1
63100,Charlie,Paris,BANANAS,SEASHELLS,4943.0,1
63500,Penelope,Charlie,BANANAS,SEASHELLS,4950.0,8
63600,Paris,Charlie,BANANAS,SEASHELLS,4948.0,1
63800,Gary,Charlie,BANANAS,SEASHELLS,4949.0,16
63800,Caesar,Paris,BANANAS,SEASHELLS,4943.0,1
63900,Charlie,Gary,PEARLS,SEASHELLS,9995.0,12
64000,Camilla,Paris,PEARLS,SEASHELLS,9998.0,1
64000,Camilla,Paris,BANANAS,SEASHELLS,4943.0,1
64200,Charlie,Penelope,PEARLS,SEASHELLS,9996.0,2
64200,Caesar,Penelope,PEARLS,SEASHELLS,9996.0,1
64400,Camilla,Penelope,PEARLS,SEASHELLS,9998.0,4
64500,Camilla,Paris,PEARLS,SEASHELLS,9998.0,1
65000,Charlie,Paris,PEARLS,SEASHELLS,9998.0,1
65100,Caesar,Penelope,PEARLS,SEASHELLS,9996.0,2
65100,Charlie,Penelope,PEARLS,SEASHELLS,9996.0,1
65300,Penelope,Camilla,PEARLS,SEASHELLS,10002.0,2
65400,Pablo,Charlie,BANANAS,SEASHELLS,4945.0,2
65900,Penelope,Caesar,BANANAS,SEASHELLS,4946.0,1
66000,Camilla,Paris,PEARLS,SEASHELLS,9998.0,1
66300,Paris,Charlie,BANANAS,SEASHELLS,4946.0,1
66900,Paris,Charlie,BANANAS,SEASHELLS,4944.0,1
66900,Gina,Charlie,BANANAS,SEASHELLS,4943.0,11
67200,Charlie,Paris,BANANAS,SEASHELLS,4937.0,1
67300,Camilla,Gina,PEARLS,SEASHELLS,9998.0,5
67500,Caesar,Caesar,COCONUTS,SEASHELLS,7957.0,56
67500,Charlie,Paris,BANANAS,SEASHELLS,4938.0,1
67500,Caesar,Caesar,COCONUTS,SEASHELLS,7957.0,21
67900,Charlie,Pablo,BANANAS,SEASHELLS,4939.0,5
68100,Camilla,Pablo,PEARLS,SEASHELLS,9998.0,2
68200,Paris,Charlie,BANANAS,SEASHELLS,4943.0,1
68300,Paris,Charlie,BANANAS,SEASHELLS,4943.0,1
68600,Charlie,Paris,BANANAS,SEASHELLS,4938.0,1
68900,Paris,Charlie,BANANAS,SEASHELLS,4943.0,1
69100,Camilla,Pablo,BANANAS,SEASHELLS,4939.0,1
69100,Paris,Pablo,BANANAS,SEASHELLS,4939.0,1
69200,Paris,Charlie,BANANAS,SEASHELLS,4943.0,1
69300,Paris,Charlie,BANANAS,SEASHELLS,4944.0,1
69300,Charlie,Paris,PEARLS,SEASHELLS,9998.0,1
69600,Charlie,Paris,BANANAS,SEASHELLS,4938.0,1
69700,Paris,Paris,PEARLS,SEASHELLS,10002.0,1
69700,Charlie,Paris,BANANAS,SEASHELLS,4938.0,1
69700,Caesar,Paris,BANANAS,SEASHELLS,4938.0,1
69700,Charlie,Peter,COCONUTS,SEASHELLS,7963.0,8
70100,Charlie,Paris,BANANAS,SEASHELLS,4937.0,1
70300,Camilla,Pablo,PEARLS,SEASHELLS,9998.0,2
70600,Caesar,Paris,BANANAS,SEASHELLS,4936.0,1
70600,Caesar,Paris,PEARLS,SEASHELLS,9996.0,1
70800,Charlie,Paris,BANANAS,SEASHELLS,4935.0,1
71200,Paris,Charlie,PEARLS,SEASHELLS,10002.0,1
71200,Charlie,Pablo,COCONUTS,SEASHELLS,7963.0,13
71200,Caesar,Paris,BANANAS,SEASHELLS,4935.0,1
71500,Pablo,Camilla,PEARLS,SEASHELLS,10002.0,3
71900,Paris,Charlie,PEARLS,SEASHELLS,10002.0,1
72400,Paris,Charlie,PEARLS,SEASHELLS,10002.0,1
72500,Paris,Charlie,BANANAS,SEASHELLS,4942.0,1
72500,Paris,Caesar,PEARLS,SEASHELLS,10004.0,1
72900,Paris,Charlie,BANANAS,SEASHELLS,4943.0,1
72900,Paris,Caesar,PEARLS,SEASHELLS,10004.0,1
73000,Charlie,Paris,BANANAS,SEASHELLS,4937.0,1
73000,Paris,Camilla,PEARLS,SEASHELLS,10002.0,1
73100,Paris,Camilla,PEARLS,SEASHELLS,10002.0,1
73500,Caesar,Peter,COCONUTS,SEASHELLS,7965.0,9
74000,Paris,Charlie,PEARLS,SEASHELLS,10002.0,1
74300,Charlie,Penelope,BANANAS,SEASHELLS,4938.0,2
74300,Charlie,Paris,BANANAS,SEASHELLS,4938.0,1
74800,Peter,Charlie,PINA_COLADAS,SEASHELLS,14909.0,2
74900,Charlie,Gina,BANANAS,SEASHELLS,4938.0,10
74900,Paris,Charlie,PEARLS,SEASHELLS,10002.0,1
75000,Charlie,Gary,PEARLS,SEASHELLS,9995.0,9
75000,Charlie,Paris,PEARLS,SEASHELLS,9998.0,1
75000,Paris,Charlie,BANANAS,SEASHELLS,4942.0,1
75200,Peter,Charlie,COCONUTS,SEASHELLS,7972.0,9
75500,Caesar,Paris,PEARLS,SEASHELLS,9996.0,2
75500,Caesar,Paris,BANANAS,SEASHELLS,4937.0,2
75600,Paris,Charlie,PEARLS,SEASHELLS,10002.0,1
76100,Charlie,Paris,PEARLS,SEASHELLS,9998.0,1
76400,Penelope,Charlie,BANANAS,SEASHELLS,4942.0,8
77000,Paris,Camilla,PEARLS,SEASHELLS,10002.0,2
77000,Paris,Camilla,BANANAS,SEASHELLS,4940.0,2
77800,Caesar,Caesar,COCONUTS,SEASHELLS,7964.0,58
77900,Pablo,Charlie,PEARLS,SEASHELLS,10002.0,3
78000,Peter,Charlie,PINA_COLADAS,SEASHELLS,14901.0,3
78100,Paris,Charlie,PEARLS,SEASHELLS,10002.0,1
78100,Charlie,Paris,BANANAS,SEASHELLS,4936.0,1
78300,Gina,Pablo,BANANAS,SEASHELLS,4936.0,3
78500,Gary,Charlie,PEARLS,SEASHELLS,10004.0,10
78500,Gary,Caesar,PEARLS,SEASHELLS,10004.0,1
78800,Paris,Charlie,PEARLS,SEASHELLS,10002.0,1
78900,Paris,Charlie,BANANAS,SEASHELLS,4940.0,1
78900,Paris,Charlie,PEARLS,SEASHELLS,10002.0,1
79200,Charlie,Pablo,PEARLS,SEASHELLS,9998.0,3
79400,Camilla,Paris,BANANAS,SEASHELLS,4935.0,1
79900,Charlie,Pablo,COCONUTS,SEASHELLS,7961.0,19
79900,Camilla,Paris,BANANAS,SEASHELLS,4935.0,1
79900,Camilla,Pablo,PEARLS,SEASHELLS,9998.0,3
80400,Caesar,Gary,BANANAS,SEASHELLS,4934.0,1
80800,Caesar,Penelope,BANANAS,SEASHELLS,4934.0,1
80800,Paris,Camilla,BANANAS,SEASHELLS,4939.0,1
80900,Pablo,Charlie,BANANAS,SEASHELLS,4938.0,1
80900,Pablo,Paris,BANANAS,SEASHELLS,4938.0,1
81100,Paris,Charlie,BANANAS,SEASHELLS,4940.0,1
81400,Gary,Caesar,PEARLS,SEASHELLS,10004.0,1
81800,Pablo,Charlie,PEARLS,SEASHELLS,10002.0,1
81900,Charlie,Pablo,PEARLS,SEASHELLS,9998.0,1
82300,Peter,Charlie,PINA_COLADAS,SEASHELLS,14908.0,5
82500,Charlie,Penelope,BANANAS,SEASHELLS,4936.0,9
82600,Paris,Camilla,BANANAS,SEASHELLS,4941.0,1
82800,Paris,Camilla,BANANAS,SEASHELLS,4940.0,1
82800,Paris,Camilla,PEARLS,SEASHELLS,10002.0,1
83100,Paris,Charlie,BANANAS,SEASHELLS,4939.0,1
83100,Charlie,Paris,PEARLS,SEASHELLS,9998.0,1
83700,Charlie,Paris,BANANAS,SEASHELLS,4934.0,1
84100,Caesar,Gary,PEARLS,SEASHELLS,9996.0,1
84100,Charlie,Gary,PEARLS,SEASHELLS,9996.0,8
84200,Caesar,Penelope,PEARLS,SEASHELLS,9996.0,2
84200,Charlie,Penelope,PEARLS,SEASHELLS,9996.0,1
84200,Charlie,Paris,BANANAS,SEASHELLS,4934.0,1
84300,Penelope,Caesar,PEARLS,SEASHELLS,10004.0,2
84500,Camilla,Paris,BANANAS,SEASHELLS,4935.0,1
84900,Penelope,Charlie,BANANAS,SEASHELLS,4941.0,3
85100,Charlie,Gary,BANANAS,SEASHELLS,4934.0,16
85800,Charlie,Peter,PINA_COLADAS,SEASHELLS,14919.0,3
85800,Camilla,Paris,BANANAS,SEASHELLS,4933.0,1
85900,Charlie,Paris,PEARLS,SEASHELLS,9998.0,1
86100,Paris,Charlie,PEARLS,SEASHELLS,10002.0,1
86200,Caesar,Gina,BANANAS,SEASHELLS,4933.0,1
86200,Charlie,Gina,BANANAS,SEASHELLS,4933.0,11
86600,Charlie,Penelope,BANANAS,SEASHELLS,4932.0,7
86700,Charlie,Paris,BANANAS,SEASHELLS,4932.0,1
86700,Caesar,Paris,PEARLS,SEASHELLS,9998.0,1
87200,Caesar,Gary,PEARLS,SEASHELLS,9996.0,1
87400,Charlie,Paris,BANANAS,SEASHELLS,4933.0,1
87700,Gina,Paris,BANANAS,SEASHELLS,4932.0,1
87700,Gina,Charlie,BANANAS,SEASHELLS,4937.0,11
87900,Paris,Charlie,PEARLS,SEASHELLS,10005.0,1
87900,Paris,Charlie,BANANAS,SEASHELLS,4939.0,1
88000,Caesar,Paris,PEARLS,SEASHELLS,9996.0,2
88000,Caesar,Paris,BANANAS,SEASHELLS,4932.0,2
88300,Camilla,Paris,BANANAS,SEASHELLS,4933.0,1
88500,Paris,Gina,BANANAS,SEASHELLS,4938.0,1
88500,Charlie,Gina,BANANAS,SEASHELLS,4933.0,12
88900,Charlie,Paris,BANANAS,SEASHELLS,4933.0,1
89100,Camilla,Paris,PEARLS,SEASHELLS,9998.0,1
89100,Camilla,Paris,BANANAS,SEASHELLS,4934.0,1
89200,Paris,Camilla,PEARLS,SEASHELLS,10002.0,1
89300,Charlie,Peter,PINA_COLADAS,SEASHELLS,14898.0,3
89300,Peter,Caesar,COCONUTS,SEASHELLS,7955.0,8
89600,Caesar,Paris,BANANAS,SEASHELLS,4934.0,1
89600,Caesar,Paris,PEARLS,SEASHELLS,9996.0,1
89800,Camilla,Paris,BANANAS,SEASHELLS,4934.0,1
89900,Charlie,Paris,PEARLS,SEASHELLS,9995.0,2
89900,Charlie,Paris,BANANAS,SEASHELLS,4934.0,2
90000,Camilla,Paris,PEARLS,SEASHELLS,9998.0,1
90000,Camilla,Pablo,PEARLS,SEASHELLS,9998.0,1
90100,Pablo,Camilla,PEARLS,SEASHELLS,10002.0,3
90300,Camilla,Paris,PEARLS,SEASHELLS,9998.0,1
90400,Gary,Caesar,BANANAS,SEASHELLS,4935.0,6
90900,Paris,Charlie,BANANAS,SEASHELLS,4939.0,1
91000,Paris,Charlie,BANANAS,SEASHELLS,4939.0,1
91100,Pablo,Paris,BANANAS,SEASHELLS,4938.0,1
91100,Caesar,Paris,PEARLS,SEASHELLS,9996.0,1
91200,Charlie,Paris,PEARLS,SEASHELLS,9995.0,1
91200,Charlie,Paris,BANANAS,SEASHELLS,4932.0,1
91700,Paris,Charlie,BANANAS,SEASHELLS,4938.0,1
91700,Penelope,Charlie,BANANAS,SEASHELLS,4939.0,12
91700,Charlie,Pablo,PEARLS,SEASHELLS,9998.0,1
91800,Paris,Caesar,BANANAS,SEASHELLS,4938.0,1
92100,Charlie,Pablo,BANANAS,SEASHELLS,4934.0,2
92100,Charlie,Paris,PEARLS,SEASHELLS,9998.0,1
92200,Caesar,Paris,PEARLS,SEASHELLS,9996.0,1
92200,Charlie,Paris,PEARLS,SEASHELLS,9996.0,1
92200,Charlie,Paris,BANANAS,SEASHELLS,4933.0,2
92300,Charlie,Pablo,COCONUTS,SEASHELLS,7955.0,18
92700,Pablo,Camilla,PEARLS,SEASHELLS,10002.0,2
92700,Pablo,Paris,PEARLS,SEASHELLS,10002.0,1
92700,Caesar,Paris,BANANAS,SEASHELLS,4933.0,1
92900,Camilla,Paris,PEARLS,SEASHELLS,9998.0,1
92900,Camilla,Paris,BANANAS,SEASHELLS,4933.0,1
93300,Paris,Camilla,BANANAS,SEASHELLS,4937.0,1
93400,Penelope,Pablo,PEARLS,SEASHELLS,9998.0,3
93600,Paris,Caesar,PEARLS,SEASHELLS,10004.0,1
93600,Paris,Caesar,BANANAS,SEASHELLS,4939.0,1
93800,Charlie,Pablo,PEARLS,SEASHELLS,9998.0,1
93800,Gina,Charlie,BANANAS,SEASHELLS,4937.0,8
93800,Gina,Camilla,BANANAS,SEASHELLS,4937.0,5
94200,Paris,Camilla,PEARLS,SEASHELLS,10002.0,1
94300,Paris,Charlie,PEARLS,SEASHELLS,10002.0,1
94400,Paris,Charlie,PEARLS,SEASHELLS,10005.0,1
94400,Paris,Charlie,BANANAS,SEASHELLS,4939.0,1
94600,Camilla,Paris,PEARLS,SEASHELLS,9998.0,1
95000,Penelope,Caesar,PEARLS,SEASHELLS,10004.0,1
95000,Paris,Charlie,PEARLS,SEASHELLS,10005.0,1
95000,Paris,Caesar,BANANAS,SEASHELLS,4937.0,1
95100,Charlie,Caesar,BANANAS,SEASHELLS,4933.0,4
95600,Charlie,Paris,BANANAS,SEASHELLS,4931.0,1
95700,Pablo,Charlie,PEARLS,SEASHELLS,10002.0,1
95800,Peter,Charlie,COCONUTS,SEASHELLS,7961.0,10
95800,Penelope,Charlie,PEARLS,SEASHELLS,10005.0,7
96000,Caesar,Paris,PEARLS,SEASHELLS,9996.0,1
96000,Charlie,Paris,BANANAS,SEASHELLS,4930.0,2
96200,Charlie,Pablo,PEARLS,SEASHELLS,9998.0,5
96200,Charlie,Paris,BANANAS,SEASHELLS,4931.0,1
96300,Charlie,Paris,BANANAS,SEASHELLS,4932.0,1
96400,Penelope,Charlie,BANANAS,SEASHELLS,4938.0,6
96800,Caesar,Caesar,COCONUTS,SEASHELLS,7961.0,13
96800,Caesar,Caesar,COCONUTS,SEASHELLS,7961.0,40
96800,Pablo,Charlie,PEARLS,SEASHELLS,10002.0,3
97000,Penelope,Charlie,BANANAS,SEASHELLS,4938.0,3
97100,Charlie,Paris,PEARLS,SEASHELLS,9995.0,1
97100,Charlie,Paris,BANANAS,SEASHELLS,4932.0,1
97300,Camilla,Paris,BANANAS,SEASHELLS,4932.0,1
97600,Peter,Charlie,COCONUTS,SEASHELLS,7964.0,9
97600,Gary,Camilla,PEARLS,SEASHELLS,10002.0,7
97900,Charlie,Paris,BANANAS,SEASHELLS,4932.0,1
98800,Paris,Charlie,PEARLS,SEASHELLS,10002.0,1
98800,Paris,Charlie,BANANAS,SEASHELLS,4937.0,1
99000,Charlie,Paris,BANANAS,SEASHELLS,4931.0,1
99400,Paris,Charlie,BANANAS,SEASHELLS,4939.0,2
99400,Paris,Charlie,PEARLS,SEASHELLS,10005.0,2
100000,Paris,Caesar,PEARLS,SEASHELLS,10004.0,1
100000,Paris,Charlie,BANANAS,SEASHELLS,4938.0,1
100200,Camilla,Paris,PEARLS,SEASHELLS,9998.0,1
100500,Charlie,Penelope,PEARLS,SEASHELLS,9995.0,8
100600,Charlie,Pablo,COCONUTS,SEASHELLS,7968.0,22
100600,Penelope,Caesar,BANANAS,SEASHELLS,4937.0,1
100700,Pablo,Charlie,PEARLS,SEASHELLS,10002.0,1
100800,Caesar,Caesar,PINA_COLADAS,SEASHELLS,14936.0,23
100900,Charlie,Pablo,COCONUTS,SEASHELLS,7966.0,12
101200,Paris,Paris,BANANAS,SEASHELLS,4931.0,1
101200,Paris,Charlie,PEARLS,SEASHELLS,10005.0,2
101500,Caesar,Pablo,PEARLS,SEASHELLS,9998.0,3
101500,Paris,Charlie,BANANAS,SEASHELLS,4937.0,2
101500,Caesar,Paris,BANANAS,SEASHELLS,4931.0,1
101500,Paris,Caesar,PEARLS,SEASHELLS,10004.0,2
101600,Charlie,Paris,BANANAS,SEASHELLS,4931.0,1
102200,Paris,Charlie,PEARLS,SEASHELLS,10005.0,2
102200,Paris,Charlie,BANANAS,SEASHELLS,4939.0,2
102300,Caesar,Pablo,PEARLS,SEASHELLS,9998.0,4
102600,Camilla,Pablo,PEARLS,SEASHELLS,9998.0,1
102600,Caesar,Pablo,PEARLS,SEASHELLS,9998.0,2
102700,Penelope,Charlie,PEARLS,SEASHELLS,10005.0,6
103100,Paris,Charlie,BANANAS,SEASHELLS,4938.0,1
103300,Pablo,Penelope,BANANAS,SEASHELLS,4936.0,1
103400,Paris,Caesar,PEARLS,SEASHELLS,10002.0,1
103400,Caesar,Caesar,COCONUTS,SEASHELLS,7965.0,66
103400,Camilla,Paris,BANANAS,SEASHELLS,4932.0,1
103700,Gina,Charlie,BANANAS,SEASHELLS,4936.0,10
103900,Gina,Camilla,BANANAS,SEASHELLS,4936.0,7
104000,Paris,Charlie,BANANAS,SEASHELLS,4936.0,1
104200,Charlie,Paris,BANANAS,SEASHELLS,4930.0,1
104300,Charlie,Paris,BANANAS,SEASHELLS,4930.0,1
104500,Charlie,Caesar,BANANAS,SEASHELLS,4932.0,5
104700,Paris,Charlie,PEARLS,SEASHELLS,10002.0,1
104900,Paris,Charlie,BANANAS,SEASHELLS,4935.0,1
104900,Paris,Caesar,PEARLS,SEASHELLS,10004.0,1
105000,Charlie,Penelope,BANANAS,SEASHELLS,4928.0,8
105200,Camilla,Paris,BANANAS,SEASHELLS,4928.0,1
105300,Paris,Camilla,BANANAS,SEASHELLS,4934.0,1
105400,Paris,Charlie,PEARLS,SEASHELLS,10002.0,1
105700,Paris,Charlie,BANANAS,SEASHELLS,4934.0,1
106100,Charlie,Penelope,PEARLS,SEASHELLS,9996.0,5
106100,Caesar,Penelope,PEARLS,SEASHELLS,9996.0,2
106300,Paris,Pablo,PEARLS,SEASHELLS,9998.0,1
106300,Caesar,Paris,BANANAS,SEASHELLS,4929.0,1
106500,Gary,Charlie,PEARLS,SEASHELLS,10005.0,10
106600,Camilla,Pablo,PEARLS,SEASHELLS,9998.0,2
107400,Charlie,Paris,BANANAS,SEASHELLS,4928.0,1
107400,Charlie,Paris,PEARLS,SEASHELLS,9995.0,1
107600,Paris,Charlie,BANANAS,SEASHELLS,4933.0,1
108100,Charlie,Paris,PEARLS,SEASHELLS,9998.0,1
108400,Paris,Camilla,BANANAS,SEASHELLS,4934.0,1
108500,Charlie,Paris,BANANAS,SEASHELLS,4928.0,1
108600,Charlie,Paris,PEARLS,SEASHELLS,9998.0,1
108600,Charlie,Pablo,PEARLS,SEASHELLS,9998.0,3
108800,Charlie,Pablo,BANANAS,SEASHELLS,4930.0,2
109100,Pablo,Paris,BANANAS,SEASHELLS,4933.0,1
109200,Caesar,Gary,BANANAS,SEASHELLS,4932.0,5
109300,Charlie,Paris,BANANAS,SEASHELLS,4929.0,1
109700,Charlie,Paris,BANANAS,SEASHELLS,4930.0,1
110000,Caesar,Penelope,PEARLS,SEASHELLS,9996.0,1
110400,Caesar,Pablo,PINA_COLADAS,SEASHELLS,14949.0,11
110400,Gary,Charlie,PEARLS,SEASHELLS,10005.0,10
110800,Charlie,Penelope,BANANAS,SEASHELLS,4929.0,4
111000,Penelope,Pablo,PEARLS,SEASHELLS,9998.0,1
111100,Charlie,Pablo,PEARLS,SEASHELLS,9998.0,4
111100,Charlie,Caesar,BANANAS,SEASHELLS,4931.0,4
111700,Caesar,Paris,BANANAS,SEASHELLS,4929.0,1
112100,Charlie,Pablo,PEARLS,SEASHELLS,9998.0,5
112200,Paris,Charlie,BANANAS,SEASHELLS,4935.0,1
112500,Charlie,Caesar,BANANAS,SEASHELLS,4931.0,4
113000,Gina,Camilla,PEARLS,SEASHELLS,10002.0,6
113000,Caesar,Caesar,COCONUTS,SEASHELLS,7972.0,46
113700,Charlie,Paris,BANANAS,SEASHELLS,4928.0,1
113800,Paris,Paris,PEARLS,SEASHELLS,10002.0,1
113800,Charlie,Paris,BANANAS,SEASHELLS,4928.0,2
113900,Gina,Charlie,BANANAS,SEASHELLS,4932.0,12
114100,Paris,Charlie,BANANAS,SEASHELLS,4932.0,1
114400,Caesar,Caesar,COCONUTS,SEASHELLS,7966.0,53
114400,Gary,Camilla,PEARLS,SEASHELLS,10002.0,2
114700,Caesar,Pablo,BANANAS,SEASHELLS,4928.0,4
115000,Caesar,Pablo,BANANAS,SEASHELLS,4926.0,2
115100,Paris,Charlie,BANANAS,SEASHELLS,4930.0,1
115300,Charlie,Paris,PEARLS,SEASHELLS,9998.0,1
115400,Charlie,Pablo,BANANAS,SEASHELLS,4926.0,1
115700,Paris,Charlie,BANANAS,SEASHELLS,4930.0,1
116000,Charlie,Peter,PINA_COLADAS,SEASHELLS,14938.0,5
116200,Charlie,Paris,BANANAS,SEASHELLS,4924.0,1
116200,Charlie,Paris,PEARLS,SEASHELLS,9995.0,1
116600,Charlie,Penelope,BANANAS,SEASHELLS,4925.0,9
116700,Charlie,Peter,COCONUTS,SEASHELLS,7958.0,6
116800,Pablo,Charlie,PEARLS,SEASHELLS,10002.0,3
116900,Caesar,Gary,PEARLS,SEASHELLS,9996.0,1
116900,Charlie,Gary,PEARLS,SEASHELLS,9996.0,7
117000,Peter,Caesar,COCONUTS,SEASHELLS,7962.0,9
117300,Pablo,Caesar,PINA_COLADAS,SEASHELLS,14928.0,6
118100,Pablo,Camilla,PEARLS,SEASHELLS,10002.0,1
118200,Charlie,Paris,BANANAS,SEASHELLS,4925.0,1
118300,Charlie,Paris,BANANAS,SEASHELLS,4925.0,1
118500,Charlie,Paris,BANANAS,SEASHELLS,4925.0,1
119100,Charlie,Gary,BANANAS,SEASHELLS,4926.0,16
119200,Camilla,Penelope,BANANAS,SEASHELLS,4927.0,2
119200,Charlie,Penelope,BANANAS,SEASHELLS,4927.0,10
119300,Gary,Paris,PEARLS,SEASHELLS,9998.0,1
119600,Caesar,Paris,BANANAS,SEASHELLS,4926.0,1
119800,Paris,Paris,BANANAS,SEASHELLS,4931.0,1
119800,Caesar,Paris,PEARLS,SEASHELLS,10000.0,1
119900,Caesar,Paris,BANANAS,SEASHELLS,4926.0,1
120000,Paris,Charlie,PEARLS,SEASHELLS,10002.0,1
120300,Caesar,Paris,BANANAS,SEASHELLS,4926.0,2
120300,Caesar,Paris,PEARLS,SEASHELLS,9996.0,2
120500,Paris,Camilla,PEARLS,SEASHELLS,10002.0,1
120500,Paris,Camilla,BANANAS,SEASHELLS,4930.0,1
120600,Camilla,Paris,BANANAS,SEASHELLS,4925.0,1
120600,Caesar,Pablo,PINA_COLADAS,SEASHELLS,14917.0,7
121100,Camilla,Paris,BANANAS,SEASHELLS,4926.0,1
121500,Pablo,Paris,PEARLS,SEASHELLS,10002.0,1
121500,Paris,Charlie,BANANAS,SEASHELLS,4931.0,1
121800,Paris,Camilla,PEARLS,SEASHELLS,10002.0,1
121900,Paris,Charlie,BANANAS,SEASHELLS,4931.0,1
122100,Peter,Charlie,COCONUTS,SEASHELLS,7965.0,8
122600,Paris,Charlie,BANANAS,SEASHELLS,4934.0,1
122700,Peter,Charlie,PINA_COLADAS,SEASHELLS,14912.0,2
122900,Paris,Charlie,BANANAS,SEASHELLS,4935.0,1
123000,Camilla,Paris,PEARLS,SEASHELLS,9998.0,1
123000,Camilla,Paris,BANANAS,SEASHELLS,4931.0,1
123600,Gary,Caesar,BANANAS,SEASHELLS,4935.0,1
123700,Gina,Charlie,PEARLS,SEASHELLS,10002.0,6
123800,Charlie,Paris,PEARLS,SEASHELLS,9998.0,1
123800,Paris,Camilla,BANANAS,SEASHELLS,4935.0,1
124000,Paris,Charlie,PEARLS,SEASHELLS,10005.0,2
124000,Paris,Charlie,BANANAS,SEASHELLS,4936.0,2
125100,Caesar,Peter,COCONUTS,SEASHELLS,7966.0,10
125200,Pablo,Charlie,PEARLS,SEASHELLS,10002.0,4
125200,Caesar,Caesar,COCONUTS,SEASHELLS,7965.0,46
125200,Caesar,Caesar,COCONUTS,SEASHELLS,7965.0,29
125300,Charlie,Paris,BANANAS,SEASHELLS,4928.0,1
125400,Paris,Pablo,PEARLS,SEASHELLS,9998.0,1
125400,Caesar,Caesar,COCONUTS,SEASHELLS,7965.0,43
125400,Camilla,Pablo,PEARLS,SEASHELLS,9998.0,1
126200,Caesar,Caesar,PINA_COLADAS,SEASHELLS,14901.0,36
126300,Charlie,Paris,PEARLS,SEASHELLS,9995.0,2
126300,Charlie,Paris,BANANAS,SEASHELLS,4928.0,2
126400,Pablo,Paris,BANANAS,SEASHELLS,4932.0,1
126400,Charlie,Peter,COCONUTS,SEASHELLS,7963.0,6
126400,Charlie,Paris,PEARLS,SEASHELLS,9995.0,2
126400,Pablo,Paris,BANANAS,SEASHELLS,4932.0,2
126700,Pablo,Charlie,PEARLS,SEASHELLS,10002.0,2
127000,Charlie,Paris,PEARLS,SEASHELLS,9995.0,2
127000,Charlie,Paris,BANANAS,SEASHELLS,4930.0,2
127400,Paris,Charlie,BANANAS,SEASHELLS,4938.0,2
127400,Paris,Charlie,PEARLS,SEASHELLS,10005.0,2
127500,Caesar,Pablo,COCONUTS,SEASHELLS,7966.0,26
127900,Gary,Charlie,PEARLS,SEASHELLS,10004.0,7
127900,Caesar,Pablo,PINA_COLADAS,SEASHELLS,14893.0,14
127900,Gary,Caesar,PEARLS,SEASHELLS,10004.0,2
128200,Paris,Charlie,PEARLS,SEASHELLS,10002.0,1
128400,Charlie,Paris,BANANAS,SEASHELLS,4929.0,1
128400,Caesar,Paris,PEARLS,SEASHELLS,9996.0,1
128700,Penelope,Charlie,PEARLS,SEASHELLS,10005.0,6
128900,Pablo,Charlie,PEARLS,SEASHELLS,10002.0,2
128900,Paris,Charlie,BANANAS,SEASHELLS,4936.0,1
129600,Camilla,Paris,BANANAS,SEASHELLS,4932.0,1
130300,Paris,Charlie,PEARLS,SEASHELLS,10002.0,1
130500,Caesar,Caesar,COCONUTS,SEASHELLS,7967.0,65
130700,Charlie,Pablo,BANANAS,SEASHELLS,4932.0,1
130700,Paris,Pablo,BANANAS,SEASHELLS,4932.0,1
131400,Charlie,Peter,PINA_COLADAS,SEASHELLS,14887.0,2
131800,Charlie,Paris,BANANAS,SEASHELLS,4931.0,1
132100,Camilla,Pablo,PEARLS,SEASHELLS,9998.0,3
132100,Paris,Pablo,PEARLS,SEASHELLS,9998.0,1
132300,Pablo,Charlie,PEARLS,SEASHELLS,10002.0,4
132400,Paris,Caesar,PEARLS,SEASHELLS,10004.0,1
132400,Charlie,Pablo,COCONUTS,SEASHELLS,7969.0,21
132400,Paris,Charlie,BANANAS,SEASHELLS,4938.0,1
132500,Camilla,Paris,BANANAS,SEASHELLS,4932.0,1
132500,Camilla,Paris,PEARLS,SEASHELLS,9998.0,1
132500,Camilla,Pablo,BANANAS,SEASHELLS,4932.0,3
133100,Pablo,Charlie,PEARLS,SEASHELLS,10002.0,5
133100,Caesar,Caesar,COCONUTS,SEASHELLS,7970.0,47
133100,Penelope,Caesar,PEARLS,SEASHELLS,10004.0,1
133100,Penelope,Charlie,PEARLS,SEASHELLS,10004.0,4
133200,Caesar,Penelope,PEARLS,SEASHELLS,9996.0,1
133400,Camilla,Penelope,PEARLS,SEASHELLS,9998.0,2
133400,Camilla,Paris,BANANAS,SEASHELLS,4930.0,1
133700,Charlie,Paris,BANANAS,SEASHELLS,4929.0,1
133900,Camilla,Penelope,BANANAS,SEASHELLS,4930.0,7
134000,Gary,Charlie,BANANAS,SEASHELLS,4936.0,17
134000,Paris,Charlie,BANANAS,SEASHELLS,4935.0,1
134100,Camilla,Pablo,PEARLS,SEASHELLS,9998.0,2
134200,Paris,Charlie,PEARLS,SEASHELLS,10002.0,1
134300,Paris,Charlie,PEARLS,SEASHELLS,10002.0,1
134600,Penelope,Charlie,PEARLS,SEASHELLS,10004.0,1
134600,Penelope,Caesar,PEARLS,SEASHELLS,10004.0,1
134700,Penelope,Caesar,PEARLS,SEASHELLS,10004.0,1
134700,Pablo,Charlie,PEARLS,SEASHELLS,10002.0,4
134700,Penelope,Charlie,PEARLS,SEASHELLS,10004.0,1
134800,Charlie,Caesar,BANANAS,SEASHELLS,4933.0,1
134900,Paris,Pablo,PEARLS,SEASHELLS,9998.0,1
134900,Charlie,Pablo,PEARLS,SEASHELLS,9998.0,1
135500,Charlie,Pablo,PINA_COLADAS,SEASHELLS,14911.0,7
135500,Paris,Charlie,BANANAS,SEASHELLS,4936.0,1
135600,Paris,Charlie,PEARLS,SEASHELLS,10002.0,1
135700,Caesar,Pablo,BANANAS,SEASHELLS,4931.0,2
135800,Peter,Charlie,PINA_COLADAS,SEASHELLS,14914.0,2
135800,Charlie,Caesar,BANANAS,SEASHELLS,4932.0,1
135900,Paris,Charlie,PEARLS,SEASHELLS,10005.0,2
135900,Paris,Charlie,BANANAS,SEASHELLS,4936.0,2
136000,Charlie,Paris,PEARLS,SEASHELLS,9998.0,1
136300,Paris,Penelope,PEARLS,SEASHELLS,10002.0,1
136500,Paris,Charlie,BANANAS,SEASHELLS,4934.0,1
136500,Paris,Charlie,BANANAS,SEASHELLS,4935.0,2
136500,Paris,Caesar,PEARLS,SEASHELLS,10004.0,2
137000,Caesar,Penelope,PEARLS,SEASHELLS,9996.0,1
137100,Gary,Camilla,PEARLS,SEASHELLS,10002.0,3
137200,Penelope,Charlie,BANANAS,SEASHELLS,4934.0,5
137400,Charlie,Penelope,BANANAS,SEASHELLS,4928.0,5
137400,Penelope,Camilla,PEARLS,SEASHELLS,10002.0,3
137600,Paris,Charlie,BANANAS,SEASHELLS,4933.0,1
137700,Camilla,Penelope,BANANAS,SEASHELLS,4928.0,2
137700,Camilla,Gina,PEARLS,SEASHELLS,9998.0,2
137900,Paris,Charlie,BANANAS,SEASHELLS,4934.0,1
137900,Paris,Caesar,PEARLS,SEASHELLS,10004.0,1
138100,Charlie,Gary,PEARLS,SEASHELLS,9996.0,7
138100,Caesar,Gary,PEARLS,SEASHELLS,9996.0,2
138300,Charlie,Penelope,PEARLS,SEASHELLS,9995.0,7
138500,Charlie,Paris,BANANAS,SEASHELLS,4929.0,1
138600,Caesar,Paris,BANANAS,SEASHELLS,4929.0,1
139000,Charlie,Paris,BANANAS,SEASHELLS,4928.0,1
139100,Peter,Charlie,PINA_COLADAS,SEASHELLS,14899.0,4
139400,Charlie,Paris,BANANAS,SEASHELLS,4928.0,1
139400,Paris,Charlie,PEARLS,SEASHELLS,10004.0,1
139400,Pablo,Charlie,PEARLS,SEASHELLS,10002.0,5
139400,Paris,Charlie,BANANAS,SEASHELLS,4934.0,1
139400,Paris,Caesar,BANANAS,SEASHELLS,4934.0,1
139400,Paris,Caesar,PEARLS,SEASHELLS,10004.0,1
139600,Charlie,Paris,PEARLS,SEASHELLS,9998.0,1
139700,Charlie,Paris,BANANAS,SEASHELLS,4928.0,1
140100,Charlie,Paris,BANANAS,SEASHELLS,4928.0,1
140200,Penelope,Charlie,BANANAS,SEASHELLS,4934.0,3
140400,Charlie,Paris,BANANAS,SEASHELLS,4928.0,1
140600,Caesar,Paris,BANANAS,SEASHELLS,4929.0,1
140700,Charlie,Pablo,BANANAS,SEASHELLS,4931.0,2
140800,Peter,Charlie,PINA_COLADAS,SEASHELLS,14909.0,4
140900,Charlie,Peter,COCONUTS,SEASHELLS,7970.0,10
141600,Paris,Camilla,PEARLS,SEASHELLS,10002.0,1
141800,Penelope,Charlie,BANANAS,SEASHELLS,4934.0,9
141800,Penelope,Caesar,BANANAS,SEASHELLS,4934.0,2
142300,Paris,Charlie,BANANAS,SEASHELLS,4934.0,1
142600,Charlie,Paris,BANANAS,SEASHELLS,4929.0,1
142800,Camilla,Pablo,PEARLS,SEASHELLS,9998.0,2
143100,Pablo,Paris,PEARLS,SEASHELLS,10002.0,1
143100,Caesar,Paris,BANANAS,SEASHELLS,4930.0,1
143600,Charlie,Paris,PEARLS,SEASHELLS,9995.0,1
143600,Charlie,Paris,BANANAS,SEASHELLS,4929.0,1
143600,Charlie,Peter,PINA_COLADAS,SEASHELLS,14902.0,4
143700,Charlie,Gary,BANANAS,SEASHELLS,4930.0,19
144000,Caesar,Caesar,COCONUTS,SEASHELLS,7968.0,23
144000,Paris,Charlie,BANANAS,SEASHELLS,4936.0,1
144000,Caesar,Caesar,COCONUTS,SEASHELLS,7968.0,50
144100,Charlie,Penelope,BANANAS,SEASHELLS,4930.0,7
144200,Paris,Camilla,BANANAS,SEASHELLS,4936.0,1
144300,Charlie,Gina,BANANAS,SEASHELLS,4931.0,6
144300,Camilla,Gina,BANANAS,SEASHELLS,4931.0,6
144300,Caesar,Pablo,PINA_COLADAS,SEASHELLS,14898.0,6
144600,Pablo,Charlie,PEARLS,SEASHELLS,10002.0,2
145000,Camilla,Paris,BANANAS,SEASHELLS,4933.0,1
145000,Camilla,Paris,PEARLS,SEASHELLS,9998.0,1
145000,Peter,Charlie,PINA_COLADAS,SEASHELLS,14899.0,5
145100,Charlie,Penelope,BANANAS,SEASHELLS,4932.0,7
145300,Charlie,Pablo,PEARLS,SEASHELLS,9998.0,3
145400,Camilla,Paris,PEARLS,SEASHELLS,9998.0,1
145400,Camilla,Paris,BANANAS,SEASHELLS,4932.0,1
145500,Paris,Charlie,BANANAS,SEASHELLS,4936.0,1
145500,Paris,Charlie,PEARLS,SEASHELLS,10002.0,1
145600,Charlie,Paris,BANANAS,SEASHELLS,4931.0,1
145700,Gary,Caesar,PEARLS,SEASHELLS,10004.0,2
145700,Gary,Charlie,PEARLS,SEASHELLS,10004.0,8
146300,Camilla,Paris,PEARLS,SEASHELLS,9998.0,1
146500,Paris,Charlie,PEARLS,SEASHELLS,10005.0,1
146500,Paris,Charlie,BANANAS,SEASHELLS,4937.0,1
146600,Caesar,Penelope,PEARLS,SEASHELLS,10000.0,4
146700,Charlie,Pablo,COCONUTS,SEASHELLS,7966.0,10
146900,Charlie,Paris,BANANAS,SEASHELLS,4929.0,1
147600,Charlie,Paris,BANANAS,SEASHELLS,4930.0,1
147700,Paris,Charlie,PEARLS,SEASHELLS,10002.0,1
147800,Paris,Camilla,BANANAS,SEASHELLS,4934.0,1
148000,Pablo,Camilla,BANANAS,SEASHELLS,4934.0,3
148200,Camilla,Paris,BANANAS,SEASHELLS,4930.0,1
148400,Charlie,Pablo,BANANAS,SEASHELLS,4931.0,2
148700,Camilla,Paris,BANANAS,SEASHELLS,4930.0,1
148700,Paris,Charlie,PEARLS,SEASHELLS,10005.0,2
148700,Paris,Charlie,BANANAS,SEASHELLS,4936.0,2
149500,Paris,Charlie,BANANAS,SEASHELLS,4933.0,1
149800,Pablo,Paris,PEARLS,SEASHELLS,10002.0,2
149800,Paris,Paris,BANANAS,SEASHELLS,4933.0,1
149800,Pablo,Charlie,PEARLS,SEASHELLS,10002.0,3
150000,Caesar,Penelope,PEARLS,SEASHELLS,9996.0,1
150200,Caesar,Penelope,BANANAS,SEASHELLS,4929.0,2
150200,Paris,Pablo,PEARLS,SEASHELLS,9998.0,1
150400,Charlie,Paris,BANANAS,SEASHELLS,4929.0,1
150500,Paris,Charlie,PEARLS,SEASHELLS,10002.0,1
150600,Charlie,Paris,BANANAS,SEASHELLS,4928.0,1
150700,Penelope,Charlie,BANANAS,SEASHELLS,4935.0,2
151000,Charlie,Gina,BANANAS,SEASHELLS,4930.0,9
151500,Charlie,Paris,BANANAS,SEASHELLS,4929.0,1
151500,Caesar,Pablo,PINA_COLADAS,SEASHELLS,14913.0,12
151600,Pablo,Penelope,PEARLS,SEASHELLS,10002.0,3
151600,Paris,Charlie,BANANAS,SEASHELLS,4934.0,1
152300,Paris,Charlie,BANANAS,SEASHELLS,4936.0,2
152300,Paris,Caesar,PEARLS,SEASHELLS,10004.0,2
152400,Caesar,Caesar,COCONUTS,SEASHELLS,7972.0,69
152500,Gina,Camilla,BANANAS,SEASHELLS,4934.0,5
152500,Gina,Charlie,BANANAS,SEASHELLS,4934.0,5
152500,Gina,Pablo,BANANAS,SEASHELLS,4931.0,1
153000,Charlie,Penelope,PEARLS,SEASHELLS,9995.0,3
153000,Paris,Caesar,BANANAS,SEASHELLS,4935.0,1
153000,Charlie,Penelope,BANANAS,SEASHELLS,4929.0,4
153500,Paris,Charlie,BANANAS,SEASHELLS,4937.0,1
153500,Paris,Pablo,PEARLS,SEASHELLS,9998.0,1
153700,Caesar,Penelope,BANANAS,SEASHELLS,4931.0,1
153800,Penelope,Charlie,BANANAS,SEASHELLS,4938.0,3
154300,Charlie,Paris,BANANAS,SEASHELLS,4931.0,2
154300,Caesar,Paris,PEARLS,SEASHELLS,9996.0,1
154800,Paris,Charlie,PEARLS,SEASHELLS,10002.0,1
155100,Charlie,Paris,BANANAS,SEASHELLS,4930.0,1
155200,Paris,Charlie,PEARLS,SEASHELLS,10002.0,1
155500,Charlie,Paris,PEARLS,SEASHELLS,9998.0,1
155700,Paris,Charlie,BANANAS,SEASHELLS,4936.0,1
155700,Paris,Charlie,PEARLS,SEASHELLS,10005.0,1
156500,Pablo,Camilla,PEARLS,SEASHELLS,10002.0,3
156600,Caesar,Paris,PEARLS,SEASHELLS,9996.0,1
156600,Charlie,Paris,PEARLS,SEASHELLS,9996.0,1
156600,Charlie,Paris,BANANAS,SEASHELLS,4931.0,1
156600,Charlie,Paris,BANANAS,SEASHELLS,4930.0,2
156900,Charlie,Paris,BANANAS,SEASHELLS,4930.0,1
157000,Caesar,Paris,BANANAS,SEASHELLS,4930.0,1
157400,Gina,Camilla,PEARLS,SEASHELLS,10002.0,10
157700,Paris,Camilla,BANANAS,SEASHELLS,4934.0,1
158000,Charlie,Pablo,BANANAS,SEASHELLS,4930.0,4
158100,Charlie,Paris,BANANAS,SEASHELLS,4930.0,1
158200,Paris,Charlie,PEARLS,SEASHELLS,10002.0,1
158300,Camilla,Gina,PEARLS,SEASHELLS,9998.0,7
158400,Charlie,Peter,COCONUTS,SEASHELLS,7977.0,8
158800,Charlie,Paris,BANANAS,SEASHELLS,4930.0,1
159200,Charlie,Gary,PEARLS,SEASHELLS,9995.0,9
160000,Paris,Charlie,BANANAS,SEASHELLS,4937.0,2
160000,Paris,Caesar,PEARLS,SEASHELLS,10004.0,2
160100,Pablo,Charlie,BANANAS,SEASHELLS,4934.0,5
160300,Charlie,Paris,PEARLS,SEASHELLS,9998.0,1
160400,Paris,Camilla,BANANAS,SEASHELLS,4934.0,1
160400,Charlie,Paris,PEARLS,SEASHELLS,9998.0,1
160600,Paris,Charlie,PEARLS,SEASHELLS,10002.0,1
160700,Peter,Charlie,COCONUTS,SEASHELLS,7981.0,6
160900,Peter,Charlie,COCONUTS,SEASHELLS,7980.0,7
161600,Charlie,Paris,PEARLS,SEASHELLS,9998.0,1
161900,Caesar,Penelope,BANANAS,SEASHELLS,4927.0,1
161900,Camilla,Penelope,BANANAS,SEASHELLS,4927.0,9
162300,Pablo,Gina,BANANAS,SEASHELLS,4931.0,3
162600,Paris,Camilla,BANANAS,SEASHELLS,4932.0,1
162900,Charlie,Penelope,PEARLS,SEASHELLS,9995.0,4
163500,Pablo,Charlie,PEARLS,SEASHELLS,10002.0,3
163500,Caesar,Caesar,COCONUTS,SEASHELLS,7978.0,53
163500,Caesar,Caesar,COCONUTS,SEASHELLS,7978.0,1
163600,Charlie,Pablo,BANANAS,SEASHELLS,4928.0,5
163800,Caesar,Paris,BANANAS,SEASHELLS,4927.0,1
163900,Charlie,Gary,BANANAS,SEASHELLS,4927.0,17
163900,Charlie,Paris,BANANAS,SEASHELLS,4927.0,2
163900,Caesar,Paris,PEARLS,SEASHELLS,9996.0,1
164000,Caesar,Pablo,COCONUTS,SEASHELLS,7978.0,17
164600,Paris,Penelope,BANANAS,SEASHELLS,4931.0,1
164700,Penelope,Caesar,BANANAS,SEASHELLS,4932.0,2
164700,Penelope,Charlie,BANANAS,SEASHELLS,4932.0,8
164800,Gary,Caesar,PEARLS,SEASHELLS,10004.0,2
164800,Gary,Charlie,PEARLS,SEASHELLS,10004.0,6
165000,Paris,Camilla,BANANAS,SEASHELLS,4931.0,1
165100,Charlie,Pablo,BANANAS,SEASHELLS,4927.0,3
165100,Paris,Pablo,BANANAS,SEASHELLS,4927.0,1
165700,Paris,Camilla,BANANAS,SEASHELLS,4930.0,1
165800,Charlie,Pablo,BANANAS,SEASHELLS,4926.0,1
166000,Paris,Charlie,BANANAS,SEASHELLS,4930.0,1
166200,Charlie,Peter,COCONUTS,SEASHELLS,7981.0,6
166400,Paris,Pablo,PEARLS,SEASHELLS,9998.0,1
167100,Caesar,Gary,PEARLS,SEASHELLS,9996.0,1
167500,Charlie,Peter,PINA_COLADAS,SEASHELLS,14930.0,2
167800,Gary,Paris,PEARLS,SEASHELLS,9998.0,1
167800,Paris,Charlie,BANANAS,SEASHELLS,4932.0,1
167900,Charlie,Paris,PEARLS,SEASHELLS,9998.0,1
168000,Gary,Charlie,PEARLS,SEASHELLS,10005.0,8
168100,Pablo,Gary,BANANAS,SEASHELLS,4931.0,4
169100,Penelope,Charlie,BANANAS,SEASHELLS,4934.0,4
169300,Gary,Charlie,BANANAS,SEASHELLS,4934.0,15
169600,Peter,Charlie,COCONUTS,SEASHELLS,7981.0,10
169900,Charlie,Paris,BANANAS,SEASHELLS,4927.0,1
170200,Pablo,Camilla,PEARLS,SEASHELLS,10002.0,3
170200,Charlie,Paris,BANANAS,SEASHELLS,4927.0,1
170400,Gary,Charlie,BANANAS,SEASHELLS,4934.0,15
170700,Camilla,Pablo,BANANAS,SEASHELLS,4928.0,1
170800,Charlie,Peter,PINA_COLADAS,SEASHELLS,14918.0,2
171100,Pablo,Paris,PEARLS,SEASHELLS,10002.0,1
171400,Pablo,Charlie,PEARLS,SEASHELLS,10002.0,5
171600,Gary,Charlie,BANANAS,SEASHELLS,4933.0,20
171900,Charlie,Paris,BANANAS,SEASHELLS,4927.0,1
171900,Paris,Paris,PEARLS,SEASHELLS,10002.0,1
172100,Caesar,Peter,PINA_COLADAS,SEASHELLS,14931.0,5
172100,Pablo,Caesar,COCONUTS,SEASHELLS,7982.0,10
172100,Paris,Charlie,PEARLS,SEASHELLS,10002.0,1
172600,Charlie,Paris,BANANAS,SEASHELLS,4926.0,2
172600,Caesar,Paris,PEARLS,SEASHELLS,9996.0,1
172700,Charlie,Pablo,PEARLS,SEASHELLS,9998.0,3
173200,Charlie,Paris,BANANAS,SEASHELLS,4927.0,1
173300,Caesar,Gina,BANANAS,SEASHELLS,4927.0,1
173400,Caesar,Paris,PEARLS,SEASHELLS,9996.0,1
173400,Charlie,Paris,BANANAS,SEASHELLS,4927.0,2
173400,Paris,Camilla,PEARLS,SEASHELLS,10002.0,1
173500,Charlie,Pablo,PEARLS,SEASHELLS,9998.0,3
173600,Charlie,Pablo,COCONUTS,SEASHELLS,7980.0,19
173900,Gary,Charlie,PEARLS,SEASHELLS,10005.0,9
174000,Caesar,Paris,BANANAS,SEASHELLS,4931.0,1
174000,Camilla,Paris,PEARLS,SEASHELLS,9998.0,1
174300,Paris,Camilla,PEARLS,SEASHELLS,10002.0,1
174400,Pablo,Charlie,BANANAS,SEASHELLS,4932.0,4
174400,Pablo,Paris,BANANAS,SEASHELLS,4932.0,1
174500,Gina,Charlie,BANANAS,SEASHELLS,4932.0,9
174900,Camilla,Gina,BANANAS,SEASHELLS,4928.0,2
175600,Caesar,Caesar,COCONUTS,SEASHELLS,7983.0,41
175800,Paris,Charlie,BANANAS,SEASHELLS,4933.0,1
175800,Paris,Caesar,PEARLS,SEASHELLS,10004.0,1
176000,Charlie,Paris,BANANAS,SEASHELLS,4927.0,1
176000,Paris,Paris,PEARLS,SEASHELLS,10002.0,1
176100,Paris,Charlie,PEARLS,SEASHELLS,10004.0,1
176100,Paris,Caesar,PEARLS,SEASHELLS,10004.0,1
176100,Paris,Charlie,BANANAS,SEASHELLS,4933.0,2
176900,Charlie,Peter,COCONUTS,SEASHELLS,7979.0,6
176900,Penelope,Camilla,BANANAS,SEASHELLS,4932.0,7
177400,Charlie,Paris,BANANAS,SEASHELLS,4928.0,1
177600,Charlie,Paris,PEARLS,SEASHELLS,9998.0,1
177700,Charlie,Paris,BANANAS,SEASHELLS,4929.0,1
177700,Caesar,Paris,PEARLS,SEASHELLS,9996.0,1
177900,Charlie,Penelope,BANANAS,SEASHELLS,4929.0,4
178000,Camilla,Paris,PEARLS,SEASHELLS,9998.0,1
178500,Peter,Caesar,COCONUTS,SEASHELLS,7982.0,8
178600,Caesar,Caesar,COCONUTS,SEASHELLS,7980.0,45
178700,Charlie,Paris,BANANAS,SEASHELLS,4928.0,1
178800,Caesar,Caesar,COCONUTS,SEASHELLS,7983.0,57
178900,Charlie,Paris,BANANAS,SEASHELLS,4927.0,1
179000,Paris,Caesar,PEARLS,SEASHELLS,10004.0,1
179000,Paris,Caesar,BANANAS,SEASHELLS,4932.0,1
179100,Charlie,Paris,BANANAS,SEASHELLS,4926.0,1
179300,Camilla,Penelope,PEARLS,SEASHELLS,9998.0,2
179400,Pablo,Charlie,BANANAS,SEASHELLS,4930.0,4
179600,Camilla,Pablo,PEARLS,SEASHELLS,9998.0,4
179800,Charlie,Gary,PEARLS,SEASHELLS,9995.0,8
179900,Caesar,Penelope,PEARLS,SEASHELLS,9996.0,2
180100,Charlie,Pablo,PEARLS,SEASHELLS,9998.0,3
180300,Charlie,Pablo,PEARLS,SEASHELLS,9998.0,4
180500,Pablo,Caesar,PEARLS,SEASHELLS,10002.0,3
180600,Gary,Charlie,BANANAS,SEASHELLS,4934.0,18
180800,Paris,Camilla,PEARLS,SEASHELLS,10002.0,1
180900,Camilla,Paris,PEARLS,SEASHELLS,9998.0,1
181400,Paris,Camilla,BANANAS,SEASHELLS,4931.0,1
181400,Paris,Camilla,PEARLS,SEASHELLS,10002.0,1
181400,Caesar,Caesar,COCONUTS,SEASHELLS,7977.0,63
181500,Camilla,Paris,PEARLS,SEASHELLS,9998.0,2
181500,Camilla,Paris,BANANAS,SEASHELLS,4927.0,1
181500,Camilla,Paris,BANANAS,SEASHELLS,4927.0,2
181600,Charlie,Pablo,COCONUTS,SEASHELLS,7976.0,10
181900,Paris,Charlie,PEARLS,SEASHELLS,10002.0,1
182000,Paris,Charlie,PEARLS,SEASHELLS,10002.0,1
182200,Paris,Charlie,BANANAS,SEASHELLS,4931.0,1
182300,Caesar,Penelope,PEARLS,SEASHELLS,9996.0,1
182500,Pablo,Charlie,PEARLS,SEASHELLS,10002.0,4
183100,Paris,Caesar,PEARLS,SEASHELLS,10004.0,1
183100,Paris,Charlie,BANANAS,SEASHELLS,4934.0,2
183500,Paris,Camilla,BANANAS,SEASHELLS,4933.0,1
183900,Charlie,Penelope,PEARLS,SEASHELLS,9995.0,6
184100,Paris,Camilla,BANANAS,SEASHELLS,4933.0,1
184300,Caesar,Pablo,COCONUTS,SEASHELLS,7981.0,20
184400,Charlie,Gary,BANANAS,SEASHELLS,4927.0,14
184600,Charlie,Paris,PEARLS,SEASHELLS,9995.0,1
184600,Charlie,Paris,BANANAS,SEASHELLS,4927.0,1
184800,Gina,Camilla,PEARLS,SEASHELLS,10002.0,3
184800,Gina,Charlie,PEARLS,SEASHELLS,10002.0,5
185400,Caesar,Paris,PEARLS,SEASHELLS,9996.0,1
185400,Caesar,Paris,BANANAS,SEASHELLS,4929.0,1
185800,Peter,Caesar,PINA_COLADAS,SEASHELLS,14930.0,4
185800,Camilla,Pablo,BANANAS,SEASHELLS,4930.0,4
185800,Camilla,Paris,PEARLS,SEASHELLS,9998.0,1
186100,Paris,Camilla,BANANAS,SEASHELLS,4933.0,1
186200,Charlie,Gary,BANANAS,SEASHELLS,4927.0,12
186300,Gary,Charlie,PEARLS,SEASHELLS,10004.0,10
186300,Gary,Caesar,PEARLS,SEASHELLS,10004.0,1
186300,Charlie,Pablo,BANANAS,SEASHELLS,4929.0,3
186900,Caesar,Peter,PINA_COLADAS,SEASHELLS,14945.0,2
187100,Gina,Charlie,BANANAS,SEASHELLS,4933.0,8
187200,Charlie,Caesar,BANANAS,SEASHELLS,4930.0,4
187300,Paris,Camilla,BANANAS,SEASHELLS,4933.0,1
187300,Caesar,Pablo,PINA_COLADAS,SEASHELLS,14939.0,14
187400,Paris,Charlie,BANANAS,SEASHELLS,4933.0,1
187700,Charlie,Paris,BANANAS,SEASHELLS,4929.0,1
188000,Paris,Charlie,PEARLS,SEASHELLS,10002.0,1
188300,Charlie,Caesar,BANANAS,SEASHELLS,4931.0,1
188400,Camilla,Pablo,PEARLS,SEASHELLS,9998.0,1
188500,Paris,Camilla,PEARLS,SEASHELLS,10002.0,1
189000,Charlie,Paris,BANANAS,SEASHELLS,4928.0,1
189500,Penelope,Paris,PEARLS,SEASHELLS,9998.0,1
189500,Paris,Charlie,PEARLS,SEASHELLS,10005.0,2
189500,Paris,Charlie,BANANAS,SEASHELLS,4936.0,2
189800,Paris,Gary,BANANAS,SEASHELLS,4929.0,2
189800,Paris,Charlie,PEARLS,SEASHELLS,10004.0,1
189800,Paris,Caesar,PEARLS,SEASHELLS,10004.0,1
189800,Caesar,Gary,BANANAS,SEASHELLS,4929.0,1
189800,Charlie,Gary,BANANAS,SEASHELLS,4929.0,13
189900,Paris,Gina,BANANAS,SEASHELLS,4934.0,1
189900,Charlie,Gina,BANANAS,SEASHELLS,4929.0,1
189900,Camilla,Gina,BANANAS,SEASHELLS,4929.0,5
189900,Caesar,Gina,BANANAS,SEASHELLS,4929.0,1
190300,Paris,Charlie,BANANAS,SEASHELLS,4935.0,1
190600,Charlie,Paris,BANANAS,SEASHELLS,4930.0,1
190800,Charlie,Pablo,PEARLS,SEASHELLS,9998.0,5
190900,Paris,Charlie,BANANAS,SEASHELLS,4934.0,1
190900,Paris,Charlie,PEARLS,SEASHELLS,10005.0,1
190900,Paris,Charlie,BANANAS,SEASHELLS,4936.0,1
190900,Paris,Charlie,PEARLS,SEASHELLS,10002.0,1
191000,Caesar,Caesar,COCONUTS,SEASHELLS,7981.0,46
191000,Paris,Camilla,PEARLS,SEASHELLS,10002.0,1
191400,Camilla,Paris,PEARLS,SEASHELLS,9998.0,1
191700,Penelope,Charlie,PEARLS,SEASHELLS,10004.0,4
191700,Penelope,Caesar,PEARLS,SEASHELLS,10004.0,2
191800,Paris,Charlie,BANANAS,SEASHELLS,4934.0,1
192000,Paris,Camilla,BANANAS,SEASHELLS,4933.0,1
192000,Paris,Camilla,PEARLS,SEASHELLS,10002.0,1
192000,Pablo,Camilla,BANANAS,SEASHELLS,4933.0,4
192100,Charlie,Paris,PEARLS,SEASHELLS,9998.0,1
192200,Charlie,Pablo,PEARLS,SEASHELLS,9998.0,2
192400,Camilla,Paris,BANANAS,SEASHELLS,4929.0,1
192400,Camilla,Paris,PEARLS,SEASHELLS,9998.0,1
192500,Charlie,Pablo,COCONUTS,SEASHELLS,7982.0,16
192500,Paris,Camilla,BANANAS,SEASHELLS,4933.0,1
192700,Caesar,Penelope,PEARLS,SEASHELLS,9996.0,1
192700,Charlie,Penelope,PEARLS,SEASHELLS,9996.0,5
192800,Charlie,Pablo,BANANAS,SEASHELLS,4929.0,4
193100,Caesar,Gina,BANANAS,SEASHELLS,4928.0,1
193300,Pablo,Charlie,PEARLS,SEASHELLS,10002.0,4
193300,Pablo,Paris,PEARLS,SEASHELLS,10002.0,1
193400,Gary,Caesar,BANANAS,SEASHELLS,4935.0,1
193400,Gary,Charlie,BANANAS,SEASHELLS,4935.0,15
193700,Charlie,Pablo,PEARLS,SEASHELLS,9998.0,1
193800,Paris,Camilla,BANANAS,SEASHELLS,4934.0,1
194000,Charlie,Paris,BANANAS,SEASHELLS,4929.0,1
194400,Paris,Camilla,PEARLS,SEASHELLS,10002.0,2
194400,Paris,Camilla,BANANAS,SEASHELLS,4933.0,2
194600,Caesar,Paris,BANANAS,SEASHELLS,4929.0,1
195100,Pablo,Charlie,PEARLS,SEASHELLS,10002.0,1
195100,Pablo,Camilla,PEARLS,SEASHELLS,10002.0,4
195400,Pablo,Camilla,BANANAS,SEASHELLS,4934.0,5
195700,Paris,Charlie,PEARLS,SEASHELLS,10002.0,1
195700,Gina,Charlie,BANANAS,SEASHELLS,4934.0,11
195700,Gina,Caesar,BANANAS,SEASHELLS,4934.0,2
195800,Paris,Caesar,PEARLS,SEASHELLS,10004.0,1
195800,Paris,Caesar,BANANAS,SEASHELLS,4935.0,1
196000,Pablo,Paris,PEARLS,SEASHELLS,10002.0,1
196400,Charlie,Pablo,COCONUTS,SEASHELLS,7982.0,25
196500,Paris,Pablo,BANANAS,SEASHELLS,4929.0,1
197300,Paris,Penelope,PEARLS,SEASHELLS,9996.0,1
197300,Caesar,Penelope,PEARLS,SEASHELLS,9996.0,1
197300,Paris,Charlie,BANANAS,SEASHELLS,4936.0,1
197500,Charlie,Paris,BANANAS,SEASHELLS,4929.0,1
197700,Caesar,Caesar,PINA_COLADAS,SEASHELLS,14920.0,16
197700,Caesar,Caesar,PINA_COLADAS,SEASHELLS,14920.0,24
197700,Paris,Camilla,PEARLS,SEASHELLS,10002.0,2
197700,Paris,Camilla,BANANAS,SEASHELLS,4934.0,2
198500,Paris,Charlie,BANANAS,SEASHELLS,4936.0,2
198500,Paris,Gina,PEARLS,SEASHELLS,9998.0,2
198800,Caesar,Paris,BANANAS,SEASHELLS,4930.0,1
198900,Paris,Charlie,PEARLS,SEASHELLS,10002.0,1
199000,Charlie,Paris,BANANAS,SEASHELLS,4929.0,2
199000,Caesar,Paris,PEARLS,SEASHELLS,9996.0,2
199100,Charlie,Paris,BANANAS,SEASHELLS,4930.0,1
199400,Paris,Caesar,PEARLS,SEASHELLS,10004.0,1
199400,Paris,Charlie,BANANAS,SEASHELLS,4937.0,1
199400,Paris,Charlie,BANANAS,SEASHELLS,4935.0,1
199500,Peter,Caesar,PINA_COLADAS,SEASHELLS,14923.0,5
199500,Paris,Charlie,PEARLS,SEASHELLS,10002.0,1
199600,Paris,Camilla,PEARLS,SEASHELLS,10002.0,2
199600,Paris,Camilla,BANANAS,SEASHELLS,4935.0,2
199900,Charlie,Caesar,BANANAS,SEASHELLS,4933.0,2
200000,Paris,Charlie,BANANAS,SEASHELLS,4936.0,1
200200,Penelope,Caesar,PEARLS,SEASHELLS,10004.0,1
200200,Charlie,Peter,PINA_COLADAS,SEASHELLS,14911.0,3
200300,Charlie,Penelope,BANANAS,SEASHELLS,4930.0,5
201200,Penelope,Charlie,PEARLS,SEASHELLS,10005.0,8
201200,Gary,Caesar,PEARLS,SEASHELLS,10004.0,1
201400,Penelope,Camilla,BANANAS,SEASHELLS,4934.0,1
201400,Penelope,Charlie,BANANAS,SEASHELLS,4934.0,9
201500,Charlie,Paris,BANANAS,SEASHELLS,4929.0,1
201800,Paris,Camilla,BANANAS,SEASHELLS,4934.0,1
202100,Paris,Pablo,BANANAS,SEASHELLS,4930.0,2
202100,Paris,Charlie,PEARLS,SEASHELLS,10002.0,1
202100,Charlie,Pablo,BANANAS,SEASHELLS,4930.0,1
202100,Paris,Caesar,PEARLS,SEASHELLS,10004.0,1
202100,Paris,Charlie,PEARLS,SEASHELLS,10004.0,1
202600,Charlie,Paris,PEARLS,SEASHELLS,9995.0,2
202600,Charlie,Paris,BANANAS,SEASHELLS,4928.0,2
202700,Paris,Charlie,BANANAS,SEASHELLS,4933.0,1
203200,Paris,Charlie,BANANAS,SEASHELLS,4934.0,1
203200,Caesar,Caesar,COCONUTS,SEASHELLS,7982.0,20
203200,Caesar,Caesar,COCONUTS,SEASHELLS,7982.0,46
203300,Caesar,Paris,BANANAS,SEASHELLS,4929.0,1
203700,Charlie,Gary,PEARLS,SEASHELLS,9996.0,7
203700,Caesar,Gary,PEARLS,SEASHELLS,9996.0,2
203800,Paris,Caesar,PEARLS,SEASHELLS,10004.0,1
203800,Paris,Charlie,BANANAS,SEASHELLS,4933.0,1
204000,Camilla,Paris,PEARLS,SEASHELLS,9998.0,1
204100,Caesar,Peter,PINA_COLADAS,SEASHELLS,14904.0,3
204100,Camilla,Paris,PEARLS,SEASHELLS,9998.0,1
204200,Caesar,Caesar,PINA_COLADAS,SEASHELLS,14902.0,32
204200,Pablo,Camilla,BANANAS,SEASHELLS,4931.0,1
204500,Pablo,Charlie,PEARLS,SEASHELLS,10002.0,4
204500,Penelope,Charlie,BANANAS,SEASHELLS,4935.0,5
205400,Paris,Charlie,PEARLS,SEASHELLS,10002.0,1
205600,Gina,Camilla,PEARLS,SEASHELLS,10002.0,5
205700,Charlie,Penelope,BANANAS,SEASHELLS,4929.0,12
205800,Camilla,Paris,PEARLS,SEASHELLS,9998.0,1
206000,Pablo,Paris,BANANAS,SEASHELLS,4933.0,1
206000,Pablo,Charlie,BANANAS,SEASHELLS,4933.0,4
206100,Caesar,Penelope,PEARLS,SEASHELLS,9996.0,2
206200,Charlie,Peter,COCONUTS,SEASHELLS,7978.0,7
206300,Caesar,Gary,PEARLS,SEASHELLS,9996.0,1
206300,Peter,Charlie,COCONUTS,SEASHELLS,7981.0,10
206700,Caesar,Gary,PEARLS,SEASHELLS,9996.0,2
206800,Peter,Charlie,COCONUTS,SEASHELLS,7981.0,5
206900,Camilla,Paris,PEARLS,SEASHELLS,9998.0,1
207100,Charlie,Peter,COCONUTS,SEASHELLS,7976.0,5
207100,Charlie,Peter,PINA_COLADAS,SEASHELLS,14909.0,3
207300,Paris,Charlie,PEARLS,SEASHELLS,10002.0,1
207400,Peter,Charlie,COCONUTS,SEASHELLS,7980.0,9
207400,Paris,Charlie,PEARLS,SEASHELLS,10002.0,1
207400,Paris,Charlie,BANANAS,SEASHELLS,4934.0,1
207500,Charlie,Pablo,COCONUTS,SEASHELLS,7976.0,16
207800,Camilla,Penelope,PEARLS,SEASHELLS,9998.0,4
207900,Charlie,Pablo,COCONUTS,SEASHELLS,7976.0,15
207900,Paris,Charlie,PEARLS,SEASHELLS,10002.0,1
207900,Charlie,Paris,BANANAS,SEASHELLS,4928.0,1
208000,Paris,Charlie,BANANAS,SEASHELLS,4934.0,1
208100,Paris,Caesar,PEARLS,SEASHELLS,10004.0,2
208100,Paris,Charlie,BANANAS,SEASHELLS,4935.0,2
208200,Charlie,Peter,COCONUTS,SEASHELLS,7974.0,9
208500,Charlie,Penelope,BANANAS,SEASHELLS,4928.0,4
208800,Paris,Pablo,BANANAS,SEASHELLS,4930.0,1
209600,Charlie,Pablo,PEARLS,SEASHELLS,9998.0,1
209800,Camilla,Paris,PEARLS,SEASHELLS,9998.0,1
210200,Paris,Camilla,BANANAS,SEASHELLS,4934.0,1
210200,Paris,Camilla,PEARLS,SEASHELLS,10002.0,1
210600,Caesar,Caesar,PINA_COLADAS,SEASHELLS,14906.0,33
210600,Penelope,Charlie,BANANAS,SEASHELLS,4936.0,7
210700,Charlie,Pablo,BANANAS,SEASHELLS,4931.0,5
211100,Pablo,Charlie,BANANAS,SEASHELLS,4934.0,4
211500,Caesar,Caesar,COCONUTS,SEASHELLS,7974.0,45
212100,Caesar,Caesar,COCONUTS,SEASHELLS,7974.0,74
212300,Caesar,Paris,BANANAS,SEASHELLS,4929.0,1
212600,Paris,Camilla,BANANAS,SEASHELLS,4933.0,1
212700,Gary,Charlie,BANANAS,SEASHELLS,4934.0,18
212800,Charlie,Penelope,PEARLS,SEASHELLS,9995.0,8
213400,Charlie,Paris,BANANAS,SEASHELLS,4927.0,1
213500,Charlie,Penelope,PEARLS,SEASHELLS,9995.0,3
213600,Peter,Caesar,PINA_COLADAS,SEASHELLS,14889.0,3
214100,Paris,Charlie,BANANAS,SEASHELLS,4932.0,1
214200,Peter,Charlie,COCONUTS,SEASHELLS,7976.0,7
214600,Pablo,Charlie,BANANAS,SEASHELLS,4930.0,2
214700,Paris,Charlie,BANANAS,SEASHELLS,4931.0,1
214800,Charlie,Pablo,PEARLS,SEASHELLS,9998.0,4
214800,Paris,Charlie,BANANAS,SEASHELLS,4932.0,1
214800,Paris,Pablo,PEARLS,SEASHELLS,9998.0,1
215000,Camilla,Paris,BANANAS,SEASHELLS,4927.0,1
215000,Camilla,Paris,PEARLS,SEASHELLS,9998.0,1
215100,Penelope,Charlie,PEARLS,SEASHELLS,10005.0,3
215100,Penelope,Charlie,BANANAS,SEASHELLS,4934.0,11
215200,Paris,Charlie,BANANAS,SEASHELLS,4933.0,1
215200,Pablo,Charlie,PEARLS,SEASHELLS,10002.0,3
215200,Paris,Caesar,PEARLS,SEASHELLS,10004.0,1
215400,Paris,Pablo,PEARLS,SEASHELLS,9998.0,1
215700,Caesar,Penelope,PEARLS,SEASHELLS,9996.0,2
215800,Pablo,Charlie,PEARLS,SEASHELLS,10002.0,1
215800,Pablo,Paris,PEARLS,SEASHELLS,10002.0,1
215900,Charlie,Pablo,BANANAS,SEASHELLS,4929.0,4
216200,Penelope,Charlie,BANANAS,SEASHELLS,4935.0,8
216300,Camilla,Paris,BANANAS,SEASHELLS,4930.0,1
216400,Gary,Charlie,PEARLS,SEASHELLS,10005.0,8
216500,Pablo,Charlie,BANANAS,SEASHELLS,4933.0,5
216700,Caesar,Gary,BANANAS,SEASHELLS,4931.0,2
216800,Caesar,Paris,BANANAS,SEASHELLS,4929.0,2
216800,Caesar,Paris,PEARLS,SEASHELLS,9996.0,2
217300,Charlie,Penelope,PEARLS,SEASHELLS,9996.0,5
217300,Caesar,Penelope,PEARLS,SEASHELLS,9996.0,1
217700,Charlie,Paris,BANANAS,SEASHELLS,4931.0,1
217800,Caesar,Paris,PEARLS,SEASHELLS,10000.0,2
217800,Charlie,Paris,BANANAS,SEASHELLS,4931.0,2
218200,Caesar,Peter,PINA_COLADAS,SEASHELLS,14904.0,3
218400,Penelope,Pablo,BANANAS,SEASHELLS,4934.0,3
218500,Caesar,Penelope,PEARLS,SEASHELLS,9996.0,1
218500,Paris,Camilla,PEARLS,SEASHELLS,10002.0,1
218500,Charlie,Penelope,PEARLS,SEASHELLS,9996.0,7
218900,Charlie,Gina,BANANAS,SEASHELLS,4934.0,10
219000,Charlie,Pablo,PEARLS,SEASHELLS,9998.0,2
219000,Caesar,Peter,PINA_COLADAS,SEASHELLS,14897.0,4
219200,Paris,Camilla,BANANAS,SEASHELLS,4938.0,1
219600,Paris,Camilla,PEARLS,SEASHELLS,10002.0,1
219700,Gary,Charlie,PEARLS,SEASHELLS,10004.0,11
219700,Gary,Caesar,PEARLS,SEASHELLS,10004.0,1
219900,Charlie,Paris,BANANAS,SEASHELLS,4932.0,1
220000,Paris,Charlie,BANANAS,SEASHELLS,4937.0,1
220200,Paris,Caesar,BANANAS,SEASHELLS,4938.0,1
220200,Paris,Caesar,PEARLS,SEASHELLS,10004.0,1
220300,Charlie,Paris,PEARLS,SEASHELLS,9995.0,2
220300,Charlie,Paris,BANANAS,SEASHELLS,4933.0,2
220500,Caesar,Paris,BANANAS,SEASHELLS,4932.0,1
220800,Caesar,Paris,BANANAS,SEASHELLS,4932.0,1
220900,Pablo,Charlie,BANANAS,SEASHELLS,4936.0,1
221000,Caesar,Paris,BANANAS,SEASHELLS,4932.0,1
221100,Pablo,Gina,PEARLS,SEASHELLS,10002.0,1
221300,Penelope,Caesar,BANANAS,SEASHELLS,4937.0,1
221500,Pablo,Penelope,PEARLS,SEASHELLS,10002.0,5
221600,Charlie,Paris,BANANAS,SEASHELLS,4932.0,1
221800,Camilla,Paris,PEARLS,SEASHELLS,9998.0,1
222500,Charlie,Pablo,COCONUTS,SEASHELLS,7970.0,13
222500,Gina,Charlie,PEARLS,SEASHELLS,10002.0,4
222500,Gina,Camilla,PEARLS,SEASHELLS,10002.0,3
222600,Penelope,Charlie,BANANAS,SEASHELLS,4939.0,6
222600,Paris,Charlie,BANANAS,SEASHELLS,4939.0,2
222600,Paris,Charlie,PEARLS,SEASHELLS,10005.0,2
222800,Caesar,Caesar,COCONUTS,SEASHELLS,7971.0,45
222900,Penelope,Camilla,BANANAS,SEASHELLS,4936.0,5
222900,Penelope,Charlie,BANANAS,SEASHELLS,4936.0,6
223700,Paris,Charlie,PEARLS,SEASHELLS,10002.0,1
223800,Paris,Camilla,PEARLS,SEASHELLS,10002.0,1
224000,Charlie,Peter,PINA_COLADAS,SEASHELLS,14892.0,4
224100,Penelope,Charlie,BANANAS,SEASHELLS,4938.0,8
224300,Paris,Camilla,BANANAS,SEASHELLS,4937.0,1
224400,Charlie,Paris,BANANAS,SEASHELLS,4931.0,1
224600,Camilla,Paris,PEARLS,SEASHELLS,9998.0,1
224800,Caesar,Gary,PEARLS,SEASHELLS,9996.0,1
224800,Charlie,Gary,PEARLS,SEASHELLS,9996.0,9
225000,Paris,Penelope,BANANAS,SEASHELLS,4937.0,1
225000,Charlie,Paris,PEARLS,SEASHELLS,9998.0,1
225100,Charlie,Paris,BANANAS,SEASHELLS,4933.0,1
225900,Charlie,Pablo,PEARLS,SEASHELLS,9998.0,1
226100,Charlie,Peter,COCONUTS,SEASHELLS,7967.0,6
226200,Gina,Charlie,BANANAS,SEASHELLS,4937.0,9
226400,Penelope,Charlie,PEARLS,SEASHELLS,10005.0,3
226700,Charlie,Paris,BANANAS,SEASHELLS,4933.0,1
226700,Charlie,Gina,BANANAS,SEASHELLS,4933.0,7
226900,Caesar,Paris,BANANAS,SEASHELLS,4933.0,1
227000,Paris,Pablo,PEARLS,SEASHELLS,9998.0,1
227000,Charlie,Pablo,PEARLS,SEASHELLS,9998.0,3
227100,Charlie,Paris,PEARLS,SEASHELLS,9998.0,1
227700,Paris,Charlie,PEARLS,SEASHELLS,10005.0,2
227700,Paris,Charlie,BANANAS,SEASHELLS,4942.0,2
227900,Charlie,Paris,PEARLS,SEASHELLS,9998.0,1
228200,Peter,Charlie,PINA_COLADAS,SEASHELLS,14888.0,4
228700,Caesar,Paris,BANANAS,SEASHELLS,4935.0,1
228700,Caesar,Paris,PEARLS,SEASHELLS,10000.0,2
228700,Charlie,Paris,BANANAS,SEASHELLS,4935.0,1
228800,Paris,Camilla,PEARLS,SEASHELLS,10002.0,1
228800,Paris,Camilla,BANANAS,SEASHELLS,4940.0,1
228800,Charlie,Paris,BANANAS,SEASHELLS,4935.0,1
229200,Charlie,Paris,BANANAS,SEASHELLS,4935.0,1
229500,Charlie,Pablo,BANANAS,SEASHELLS,4935.0,1
229900,Charlie,Paris,BANANAS,SEASHELLS,4934.0,2
229900,Caesar,Paris,PEARLS,SEASHELLS,9996.0,1
229900,Charlie,Paris,PEARLS,SEASHELLS,9996.0,1
229900,Charlie,Paris,BANANAS,SEASHELLS,4934.0,1
230100,Caesar,Paris,BANANAS,SEASHELLS,4933.0,1
230200,Paris,Camilla,BANANAS,SEASHELLS,4938.0,1
230300,Camilla,Gary,BANANAS,SEASHELLS,4933.0,7
230300,Penelope,Charlie,PEARLS,SEASHELLS,10005.0,3
230600,Paris,Charlie,BANANAS,SEASHELLS,4939.0,2
230600,Paris,Caesar,PEARLS,SEASHELLS,10004.0,2
230800,Charlie,Paris,BANANAS,SEASHELLS,4932.0,1
231000,Charlie,Paris,PEARLS,SEASHELLS,9998.0,1
231000,Paris,Charlie,BANANAS,SEASHELLS,4937.0,1
231200,Paris,Camilla,PEARLS,SEASHELLS,10002.0,1
231200,Charlie,Peter,PINA_COLADAS,SEASHELLS,14900.0,5
232000,Pablo,Charlie,BANANAS,SEASHELLS,4936.0,5
232100,Gina,Camilla,BANANAS,SEASHELLS,4937.0,10
232200,Camilla,Paris,PEARLS,SEASHELLS,9998.0,1
232300,Charlie,Peter,COCONUTS,SEASHELLS,7969.0,6
232600,Caesar,Penelope,PEARLS,SEASHELLS,9996.0,2
232600,Penelope,Charlie,BANANAS,SEASHELLS,4939.0,7
232800,Penelope,Charlie,BANANAS,SEASHELLS,4938.0,10
232800,Paris,Charlie,BANANAS,SEASHELLS,4937.0,1
233100,Caesar,Penelope,PEARLS,SEASHELLS,9996.0,2
233400,Pablo,Charlie,BANANAS,SEASHELLS,4936.0,5
233900,Caesar,Paris,PEARLS,SEASHELLS,9996.0,1
233900,Gina,Paris,BANANAS,SEASHELLS,4935.0,2
233900,Caesar,Caesar,COCONUTS,SEASHELLS,7971.0,56
234300,Pablo,Caesar,PINA_COLADAS,SEASHELLS,14907.0,8
234500,Olga,Gina,BANANAS,SEASHELLS,4930.0,9
234500,Charlie,Gina,BANANAS,SEASHELLS,4930.0,2
234600,Camilla,Pablo,PEARLS,SEASHELLS,9998.0,4
234700,Paris,Charlie,PEARLS,SEASHELLS,10002.0,1
234800,Paris,Camilla,BANANAS,SEASHELLS,4937.0,1
235100,Charlie,Gina,BANANAS,SEASHELLS,4933.0,13
235500,Pablo,Charlie,PEARLS,SEASHELLS,10002.0,4
235800,Camilla,Paris,BANANAS,SEASHELLS,4933.0,1
235900,Charlie,Paris,BANANAS,SEASHELLS,4934.0,1
235900,Charlie,Paris,PEARLS,SEASHELLS,9998.0,1
236000,Paris,Charlie,PEARLS,SEASHELLS,10002.0,1
236300,Paris,Charlie,BANANAS,SEASHELLS,4939.0,1
236600,Charlie,Paris,BANANAS,SEASHELLS,4934.0,1
236800,Charlie,Paris,PEARLS,SEASHELLS,9998.0,1
236800,Charlie,Peter,COCONUTS,SEASHELLS,7972.0,6
237000,Penelope,Charlie,BANANAS,SEASHELLS,4941.0,2
237300,Caesar,Caesar,COCONUTS,SEASHELLS,7971.0,56
237300,Caesar,Caesar,COCONUTS,SEASHELLS,7971.0,6
237300,Pablo,Charlie,PEARLS,SEASHELLS,10002.0,1
237400,Pablo,Charlie,BANANAS,SEASHELLS,4939.0,2
237400,Pablo,Paris,BANANAS,SEASHELLS,4939.0,1
237600,Caesar,Pablo,PEARLS,SEASHELLS,9998.0,1
237800,Penelope,Paris,PEARLS,SEASHELLS,10004.0,1
237800,Peter,Charlie,COCONUTS,SEASHELLS,7975.0,7
237800,Penelope,Caesar,PEARLS,SEASHELLS,10004.0,1
237800,Caesar,Paris,BANANAS,SEASHELLS,4935.0,1
238000,Paris,Charlie,BANANAS,SEASHELLS,4940.0,1
238400,Paris,Charlie,BANANAS,SEASHELLS,4941.0,1
238500,Paris,Charlie,BANANAS,SEASHELLS,4942.0,2
238500,Paris,Caesar,PEARLS,SEASHELLS,10004.0,2
238600,Charlie,Paris,BANANAS,SEASHELLS,4936.0,1
238700,Charlie,Paris,BANANAS,SEASHELLS,4935.0,1
239000,Charlie,Paris,PEARLS,SEASHELLS,9998.0,1
239400,Gary,Caesar,PEARLS,SEASHELLS,10004.0,2
239400,Gary,Charlie,PEARLS,SEASHELLS,10004.0,6
239400,Paris,Charlie,BANANAS,SEASHELLS,4942.0,1
239900,Paris,Charlie,PEARLS,SEASHELLS,10002.0,1
240000,Paris,Charlie,BANANAS,SEASHELLS,4945.0,2
240000,Paris,Charlie,PEARLS,SEASHELLS,10005.0,2
240000,Penelope,Caesar,PEARLS,SEASHELLS,10004.0,2
240200,Charlie,Paris,BANANAS,SEASHELLS,4939.0,1
240400,Camilla,Paris,PEARLS,SEASHELLS,9998.0,1
240400,Caesar,Caesar,PINA_COLADAS,SEASHELLS,14913.0,25
240700,Paris,Charlie,PEARLS,SEASHELLS,10002.0,1
241000,Charlie,Pablo,PEARLS,SEASHELLS,9998.0,4
241000,Paris,Charlie,BANANAS,SEASHELLS,4944.0,1
241100,Penelope,Caesar,BANANAS,SEASHELLS,4945.0,2
241100,Penelope,Charlie,BANANAS,SEASHELLS,4945.0,10
241300,Charlie,Paris,BANANAS,SEASHELLS,4939.0,1
241500,Paris,Charlie,BANANAS,SEASHELLS,4944.0,1
241600,Paris,Caesar,PEARLS,SEASHELLS,10004.0,1
241600,Paris,Charlie,BANANAS,SEASHELLS,4946.0,1
241700,Penelope,Charlie,PEARLS,SEASHELLS,10004.0,5
241700,Penelope,Charlie,BANANAS,SEASHELLS,4947.0,9
241700,Gina,Paris,BANANAS,SEASHELLS,4941.0,1
241700,Gina,Charlie,BANANAS,SEASHELLS,4945.0,9
241700,Penelope,Caesar,PEARLS,SEASHELLS,10004.0,1
241900,Charlie,Pablo,COCONUTS,SEASHELLS,7967.0,19
242200,Charlie,Paris,BANANAS,SEASHELLS,4940.0,2
242200,Charlie,Paris,PEARLS,SEASHELLS,9995.0,2
242400,Charlie,Peter,PINA_COLADAS,SEASHELLS,14889.0,3
242500,Paris,Camilla,BANANAS,SEASHELLS,4946.0,1
242500,Paris,Pablo,PEARLS,SEASHELLS,9998.0,2
242500,Paris,Charlie,BANANAS,SEASHELLS,4946.0,1
242600,Penelope,Camilla,PEARLS,SEASHELLS,10002.0,1
242600,Paris,Camilla,BANANAS,SEASHELLS,4947.0,1
242700,Charlie,Paris,PEARLS,SEASHELLS,9998.0,1
242800,Camilla,Paris,BANANAS,SEASHELLS,4942.0,1
242900,Charlie,Gary,PEARLS,SEASHELLS,9995.0,11
243000,Camilla,Paris,BANANAS,SEASHELLS,4942.0,1
243500,Paris,Charlie,BANANAS,SEASHELLS,4948.0,1
243500,Camilla,Paris,PEARLS,SEASHELLS,9998.0,1
243900,Peter,Charlie,COCONUTS,SEASHELLS,7972.0,7
243900,Charlie,Pablo,PINA_COLADAS,SEASHELLS,14898.0,13
244000,Charlie,Gary,BANANAS,SEASHELLS,4942.0,20
244800,Paris,Charlie,PEARLS,SEASHELLS,10002.0,1
244800,Charlie,Gary,BANANAS,SEASHELLS,4943.0,7
244800,Camilla,Gary,BANANAS,SEASHELLS,4943.0,10
244900,Paris,Charlie,BANANAS,SEASHELLS,4948.0,1
245100,Charlie,Gary,BANANAS,SEASHELLS,4943.0,12
245200,Paris,Charlie,BANANAS,SEASHELLS,4950.0,2
245200,Paris,Charlie,PEARLS,SEASHELLS,10005.0,2
245200,Penelope,Caesar,PEARLS,SEASHELLS,10004.0,2
245200,Charlie,Peter,COCONUTS,SEASHELLS,7969.0,7
245300,Gary,Charlie,BANANAS,SEASHELLS,4949.0,13
245300,Gary,Camilla,BANANAS,SEASHELLS,4949.0,2
245500,Camilla,Gina,PEARLS,SEASHELLS,9998.0,8
245500,Paris,Gina,PEARLS,SEASHELLS,10002.0,1
245700,Caesar,Penelope,PEARLS,SEASHELLS,10000.0,4
245800,Caesar,Paris,PEARLS,SEASHELLS,9998.0,1
245800,Penelope,Charlie,BANANAS,SEASHELLS,4952.0,9
246100,Charlie,Gary,PEARLS,SEASHELLS,9995.0,11
246200,Paris,Charlie,PEARLS,SEASHELLS,10002.0,1
246300,Charlie,Paris,PEARLS,SEASHELLS,9996.0,1
246300,Caesar,Paris,PEARLS,SEASHELLS,9996.0,1
246300,Paris,Paris,BANANAS,SEASHELLS,4950.0,1
246400,Peter,Charlie,PINA_COLADAS,SEASHELLS,14887.0,3
246800,Charlie,Peter,COCONUTS,SEASHELLS,7963.0,6
246900,Pablo,Caesar,COCONUTS,SEASHELLS,7966.0,11
247200,Camilla,Paris,BANANAS,SEASHELLS,4944.0,1
247400,Camilla,Paris,BANANAS,SEASHELLS,4945.0,1
247700,Paris,Charlie,BANANAS,SEASHELLS,4950.0,1
247800,Charlie,Paris,BANANAS,SEASHELLS,4945.0,1
247800,Paris,Pablo,PEARLS,SEASHELLS,9998.0,1
248000,Paris,Charlie,PEARLS,SEASHELLS,10005.0,2
248000,Paris,Charlie,BANANAS,SEASHELLS,4951.0,2
248100,Gina,Charlie,BANANAS,SEASHELLS,4949.0,12
249200,Charlie,Penelope,PEARLS,SEASHELLS,9996.0,3
249200,Caesar,Penelope,PEARLS,SEASHELLS,9996.0,1
249400,Charlie,Paris,PEARLS,SEASHELLS,9998.0,1
249400,Caesar,Peter,COCONUTS,SEASHELLS,7960.0,5
249600,Charlie,Caesar,BANANAS,SEASHELLS,4948.0,5
249600,Pablo,Charlie,PEARLS,SEASHELLS,10002.0,4
249700,Camilla,Penelope,BANANAS,SEASHELLS,4947.0,3
250000,Caesar,Paris,BANANAS,SEASHELLS,4947.0,1
250000,Caesar,Paris,PEARLS,SEASHELLS,9996.0,1
250400,Gina,Caesar,BANANAS,SEASHELLS,4953.0,4
250500,Paris,Paris,PEARLS,SEASHELLS,9998.0,1
250500,Paris,Charlie,BANANAS,SEASHELLS,4955.0,1
250800,Charlie,Pablo,PINA_COLADAS,SEASHELLS,14884.0,5
251200,Paris,Paris,PEARLS,SEASHELLS,10002.0,1
251200,Charlie,Paris,BANANAS,SEASHELLS,4948.0,2
251200,Caesar,Pablo,PINA_COLADAS,SEASHELLS,14891.0,6
251300,Paris,Charlie,BANANAS,SEASHELLS,4953.0,1
251600,Paris,Charlie,BANANAS,SEASHELLS,4953.0,1
252000,Charlie,Pablo,PEARLS,SEASHELLS,9998.0,2
252000,Camilla,Pablo,PEARLS,SEASHELLS,9998.0,2
252300,Paris,Charlie,PEARLS,SEASHELLS,10005.0,1
252300,Paris,Charlie,BANANAS,SEASHELLS,4954.0,1
252400,Paris,Charlie,PEARLS,SEASHELLS,10002.0,1
253000,Penelope,Charlie,BANANAS,SEASHELLS,4954.0,5
253100,Caesar,Paris,PEARLS,SEASHELLS,9996.0,1
253100,Peter,Caesar,COCONUTS,SEASHELLS,7966.0,6
253100,Pablo,Camilla,BANANAS,SEASHELLS,4952.0,4
253100,Caesar,Paris,BANANAS,SEASHELLS,4948.0,1
253500,Charlie,Paris,BANANAS,SEASHELLS,4947.0,1
253600,Charlie,Gary,BANANAS,SEASHELLS,4947.0,17
253900,Caesar,Caesar,PINA_COLADAS,SEASHELLS,14889.0,27
253900,Penelope,Camilla,BANANAS,SEASHELLS,4952.0,5
254200,Penelope,Charlie,BANANAS,SEASHELLS,4954.0,4
254400,Paris,Camilla,BANANAS,SEASHELLS,4952.0,1
255000,Charlie,Paris,PEARLS,SEASHELLS,9998.0,1
255400,Paris,Caesar,BANANAS,SEASHELLS,4953.0,1
255400,Caesar,Caesar,COCONUTS,SEASHELLS,7966.0,50
255400,Paris,Caesar,PEARLS,SEASHELLS,10004.0,1
255700,Paris,Charlie,BANANAS,SEASHELLS,4953.0,1
256100,Gina,Camilla,PEARLS,SEASHELLS,10002.0,1
256200,Paris,Charlie,PEARLS,SEASHELLS,10002.0,1
256300,Charlie,Paris,PEARLS,SEASHELLS,9995.0,1
256300,Charlie,Paris,BANANAS,SEASHELLS,4947.0,1
256400,Paris,Pablo,BANANAS,SEASHELLS,4948.0,1
256400,Charlie,Pablo,BANANAS,SEASHELLS,4948.0,2
256700,Charlie,Paris,PEARLS,SEASHELLS,9998.0,1
257500,Charlie,Paris,PEARLS,SEASHELLS,9998.0,1
257500,Caesar,Caesar,PINA_COLADAS,SEASHELLS,14892.0,23
257500,Caesar,Paris,BANANAS,SEASHELLS,4948.0,1
257800,Paris,Charlie,BANANAS,SEASHELLS,4952.0,1
257900,Pablo,Penelope,PEARLS,SEASHELLS,10002.0,3
258200,Charlie,Paris,PEARLS,SEASHELLS,9995.0,1
258200,Charlie,Paris,BANANAS,SEASHELLS,4947.0,1
258500,Charlie,Paris,BANANAS,SEASHELLS,4947.0,1
258500,Caesar,Paris,PEARLS,SEASHELLS,9996.0,1
258700,Charlie,Gina,BANANAS,SEASHELLS,4947.0,11
258700,Caesar,Gina,BANANAS,SEASHELLS,4947.0,2
258900,Paris,Penelope,PEARLS,SEASHELLS,10002.0,1
259000,Caesar,Penelope,PEARLS,SEASHELLS,9996.0,2
259100,Charlie,Penelope,PEARLS,SEASHELLS,9995.0,5
259600,Paris,Charlie,BANANAS,SEASHELLS,4953.0,2
259600,Caesar,Paris,BANANAS,SEASHELLS,4947.0,1
259600,Paris,Caesar,PEARLS,SEASHELLS,10004.0,1
259700,Pablo,Penelope,BANANAS,SEASHELLS,4951.0,2
259700,Paris,Camilla,BANANAS,SEASHELLS,4952.0,1
259700,Paris,Paris,PEARLS,SEASHELLS,9998.0,1
259800,Penelope,Charlie,PEARLS,SEASHELLS,10004.0,7
259800,Penelope,Caesar,PEARLS,SEASHELLS,10004.0,1
259900,Gary,Charlie,PEARLS,SEASHELLS,10004.0,10
259900,Gary,Caesar,PEARLS,SEASHELLS,10004.0,2
260000,Caesar,Pablo,COCONUTS,SEASHELLS,7972.0,12
260000,Caesar,Paris,BANANAS,SEASHELLS,4948.0,1
260700,Charlie,Pablo,COCONUTS,SEASHELLS,7975.0,30
260700,Paris,Pablo,PEARLS,SEASHELLS,9998.0,1
261000,Paris,Charlie,PEARLS,SEASHELLS,10002.0,1
261100,Caesar,Paris,PEARLS,SEASHELLS,9996.0,1
261100,Charlie,Paris,BANANAS,SEASHELLS,4947.0,1
261500,Paris,Caesar,PEARLS,SEASHELLS,10004.0,1
261500,Paris,Charlie,BANANAS,SEASHELLS,4953.0,1
261600,Paris,Charlie,BANANAS,SEASHELLS,4951.0,1
261700,Gary,Caesar,PEARLS,SEASHELLS,10004.0,1
261700,Charlie,Pablo,PINA_COLADAS,SEASHELLS,14913.0,7
262400,Gary,Charlie,BANANAS,SEASHELLS,4953.0,19
262600,Paris,Charlie,BANANAS,SEASHELLS,4951.0,1
262600,Paris,Caesar,BANANAS,SEASHELLS,4951.0,1
262600,Paris,Caesar,PEARLS,SEASHELLS,10004.0,1
262600,Paris,Charlie,PEARLS,SEASHELLS,10004.0,1
262900,Penelope,Charlie,BANANAS,SEASHELLS,4952.0,9
263200,Gina,Charlie,BANANAS,SEASHELLS,4949.0,7
263900,Paris,Charlie,BANANAS,SEASHELLS,4949.0,1
263900,Paris,Charlie,PEARLS,SEASHELLS,10002.0,1
264000,Pablo,Charlie,PEARLS,SEASHELLS,10002.0,1
264200,Gina,Charlie,BANANAS,SEASHELLS,4949.0,11
264300,Charlie,Paris,BANANAS,SEASHELLS,4945.0,1
264800,Paris,Charlie,BANANAS,SEASHELLS,4950.0,1
264800,Paris,Charlie,PEARLS,SEASHELLS,10002.0,1
264900,Peter,Charlie,COCONUTS,SEASHELLS,7976.0,6
265100,Caesar,Paris,BANANAS,SEASHELLS,4945.0,1
265200,Caesar,Penelope,BANANAS,SEASHELLS,4945.0,2
265200,Paris,Charlie,PEARLS,SEASHELLS,10002.0,1
265300,Gary,Charlie,BANANAS,SEASHELLS,4951.0,12
265300,Charlie,Paris,PEARLS,SEASHELLS,9998.0,1
265900,Pablo,Charlie,BANANAS,SEASHELLS,4948.0,4
266000,Paris,Charlie,BANANAS,SEASHELLS,4949.0,1
266100,Penelope,Charlie,BANANAS,SEASHELLS,4950.0,8
266200,Penelope,Charlie,BANANAS,SEASHELLS,4950.0,10
266300,Charlie,Paris,PEARLS,SEASHELLS,9995.0,2
266300,Charlie,Paris,BANANAS,SEASHELLS,4943.0,2
266700,Charlie,Gina,BANANAS,SEASHELLS,4945.0,12
267100,Charlie,Paris,BANANAS,SEASHELLS,4943.0,1
267200,Charlie,Paris,BANANAS,SEASHELLS,4943.0,1
267300,Camilla,Paris,PEARLS,SEASHELLS,9998.0,2
267300,Camilla,Paris,BANANAS,SEASHELLS,4943.0,2
267500,Caesar,Paris,PEARLS,SEASHELLS,9996.0,1
267500,Charlie,Paris,BANANAS,SEASHELLS,4943.0,2
268500,Charlie,Pablo,PEARLS,SEASHELLS,9998.0,2
268700,Gina,Charlie,PEARLS,SEASHELLS,10002.0,6
269200,Pablo,Caesar,COCONUTS,SEASHELLS,7984.0,30
269300,Paris,Caesar,PEARLS,SEASHELLS,10004.0,1
269300,Paris,Charlie,BANANAS,SEASHELLS,4953.0,1
269800,Caesar,Caesar,COCONUTS,SEASHELLS,7982.0,50
269800,Caesar,Caesar,COCONUTS,SEASHELLS,7982.0,26
269800,Charlie,Paris,BANANAS,SEASHELLS,4948.0,1
270000,Paris,Charlie,BANANAS,SEASHELLS,4952.0,1
270200,Paris,Charlie,BANANAS,SEASHELLS,4953.0,1
270500,Charlie,Penelope,BANANAS,SEASHELLS,4947.0,10
270900,Camilla,Paris,PEARLS,SEASHELLS,9998.0,1
271100,Camilla,Gary,PEARLS,SEASHELLS,9998.0,1
271100,Camilla,Paris,PEARLS,SEASHELLS,9998.0,1
271200,Caesar,Caesar,PINA_COLADAS,SEASHELLS,14924.0,33
271400,Pablo,Charlie,PEARLS,SEASHELLS,10002.0,5
271500,Paris,Charlie,BANANAS,SEASHELLS,4953.0,1
271900,Paris,Charlie,BANANAS,SEASHELLS,4953.0,1
272000,Paris,Charlie,BANANAS,SEASHELLS,4954.0,2
272000,Paris,Caesar,PEARLS,SEASHELLS,10004.0,1
272500,Charlie,Penelope,BANANAS,SEASHELLS,4948.0,11
272900,Paris,Charlie,BANANAS,SEASHELLS,4954.0,1
273100,Caesar,Pablo,PINA_COLADAS,SEASHELLS,14929.0,13
273100,Caesar,Paris,PEARLS,SEASHELLS,9996.0,1
273100,Charlie,Paris,BANANAS,SEASHELLS,4949.0,1
273200,Pablo,Charlie,BANANAS,SEASHELLS,4953.0,5
273600,Charlie,Paris,BANANAS,SEASHELLS,4948.0,1
273600,Charlie,Paris,PEARLS,SEASHELLS,9995.0,1
273900,Pablo,Camilla,PEARLS,SEASHELLS,10002.0,2
273900,Caesar,Caesar,PINA_COLADAS,SEASHELLS,14935.0,35
273900,Paris,Penelope,PEARLS,SEASHELLS,10002.0,1
273900,Pablo,Penelope,PEARLS,SEASHELLS,10002.0,1
274200,Gary,Camilla,BANANAS,SEASHELLS,4952.0,4
274300,Caesar,Paris,PEARLS,SEASHELLS,9998.0,1
274400,Camilla,Paris,PEARLS,SEASHELLS,9998.0,1
274500,Charlie,Pablo,PINA_COLADAS,SEASHELLS,14937.0,8
274500,Caesar,Penelope,PEARLS,SEASHELLS,9996.0,2
274700,Charlie,Peter,COCONUTS,SEASHELLS,7986.0,10
274900,Peter,Charlie,COCONUTS,SEASHELLS,7988.0,5
274900,Pablo,Caesar,PINA_COLADAS,SEASHELLS,14936.0,14
275000,Camilla,Paris,BANANAS,SEASHELLS,4948.0,1
275100,Paris,Camilla,PEARLS,SEASHELLS,10002.0,1
275100,Paris,Camilla,BANANAS,SEASHELLS,4952.0,1
275400,Pablo,Charlie,PEARLS,SEASHELLS,10002.0,5
275500,Camilla,Paris,BANANAS,SEASHELLS,4949.0,2
275500,Camilla,Paris,PEARLS,SEASHELLS,9998.0,2
275800,Gary,Charlie,BANANAS,SEASHELLS,4955.0,16
276300,Paris,Camilla,PEARLS,SEASHELLS,10002.0,1
276300,Caesar,Gina,BANANAS,SEASHELLS,4949.0,1
276500,Paris,Charlie,PEARLS,SEASHELLS,10002.0,1
276700,Charlie,Paris,BANANAS,SEASHELLS,4949.0,2
276700,Charlie,Paris,PEARLS,SEASHELLS,9995.0,2
276800,Pablo,Charlie,BANANAS,SEASHELLS,4953.0,3
277200,Paris,Paris,PEARLS,SEASHELLS,9998.0,1
277200,Paris,Charlie,BANANAS,SEASHELLS,4955.0,2
277300,Paris,Camilla,PEARLS,SEASHELLS,10002.0,1
277300,Charlie,Paris,BANANAS,SEASHELLS,4948.0,1
277500,Charlie,Penelope,BANANAS,SEASHELLS,4948.0,11
278300,Camilla,Paris,PEARLS,SEASHELLS,9998.0,2
278300,Camilla,Paris,BANANAS,SEASHELLS,4951.0,2
278400,Charlie,Penelope,BANANAS,SEASHELLS,4950.0,4
279100,Caesar,Paris,BANANAS,SEASHELLS,4951.0,1
279600,Charlie,Olivia,BANANAS,SEASHELLS,4953.0,17
279600,Charlie,Pablo,PEARLS,SEASHELLS,9998.0,2
279700,Charlie,Pablo,PEARLS,SEASHELLS,9998.0,2
280000,Gary,Charlie,BANANAS,SEASHELLS,4958.0,15
280100,Charlie,Paris,BANANAS,SEASHELLS,4952.0,2
280100,Charlie,Paris,PEARLS,SEASHELLS,9995.0,2
280400,Charlie,Gary,BANANAS,SEASHELLS,4951.0,14
280500,Paris,Camilla,BANANAS,SEASHELLS,4956.0,1
280500,Paris,Paris,PEARLS,SEASHELLS,9998.0,1
280600,Caesar,Caesar,PINA_COLADAS,SEASHELLS,14946.0,28
280700,Charlie,Paris,PEARLS,SEASHELLS,9998.0,1
281500,Gina,Penelope,PEARLS,SEASHELLS,10002.0,7
281500,Paris,Penelope,PEARLS,SEASHELLS,10002.0,1
281700,Charlie,Pablo,BANANAS,SEASHELLS,4952.0,3
281900,Paris,Charlie,BANANAS,SEASHELLS,4957.0,1
281900,Paris,Charlie,PEARLS,SEASHELLS,10005.0,1
282300,Paris,Charlie,BANANAS,SEASHELLS,4955.0,1
282300,Paris,Charlie,PEARLS,SEASHELLS,10002.0,1
282700,Charlie,Paris,PEARLS,SEASHELLS,9995.0,1
282700,Charlie,Paris,BANANAS,SEASHELLS,4951.0,1
283200,Peter,Charlie,COCONUTS,SEASHELLS,7994.0,9
283300,Caesar,Caesar,COCONUTS,SEASHELLS,7992.0,58
283400,Charlie,Paris,BANANAS,SEASHELLS,4949.0,1
283800,Gary,Paris,BANANAS,SEASHELLS,4949.0,1
284000,Caesar,Paris,BANANAS,SEASHELLS,4949.0,1
284300,Paris,Charlie,BANANAS,SEASHELLS,4953.0,1
284300,Charlie,Paris,PEARLS,SEASHELLS,9998.0,1
284300,Peter,Caesar,PINA_COLADAS,SEASHELLS,14947.0,2
284600,Caesar,Caesar,COCONUTS,SEASHELLS,7995.0,59
284600,Paris,Charlie,BANANAS,SEASHELLS,4954.0,1
284600,Caesar,Caesar,COCONUTS,SEASHELLS,7995.0,1
284700,Caesar,Caesar,COCONUTS,SEASHELLS,7995.0,63
284700,Caesar,Caesar,COCONUTS,SEASHELLS,7995.0,12
284700,Charlie,Caesar,BANANAS,SEASHELLS,4950.0,4
284800,Charlie,Paris,BANANAS,SEASHELLS,4948.0,1
285000,Paris,Charlie,BANANAS,SEASHELLS,4952.0,1
285500,Charlie,Paris,BANANAS,SEASHELLS,4945.0,1
285800,Camilla,Pablo,PEARLS,SEASHELLS,9998.0,3
285800,Penelope,Caesar,PEARLS,SEASHELLS,10004.0,2
286200,Charlie,Paris,PEARLS,SEASHELLS,9998.0,1
286300,Charlie,Peter,COCONUTS,SEASHELLS,7998.0,5
286300,Pablo,Charlie,PEARLS,SEASHELLS,10002.0,1
286400,Pablo,Camilla,PEARLS,SEASHELLS,10002.0,2
286500,Charlie,Paris,BANANAS,SEASHELLS,4947.0,1
286800,Penelope,Caesar,BANANAS,SEASHELLS,4953.0,2
286900,Caesar,Paris,BANANAS,SEASHELLS,4947.0,1
287300,Charlie,Pablo,COCONUTS,SEASHELLS,8002.0,18
287500,Charlie,Caesar,BANANAS,SEASHELLS,4948.0,6
287700,Charlie,Paris,PEARLS,SEASHELLS,9998.0,1
287700,Charlie,Pablo,BANANAS,SEASHELLS,4947.0,2
287900,Charlie,Paris,PEARLS,SEASHELLS,9998.0,1
288100,Paris,Charlie,PEARLS,SEASHELLS,10002.0,1
288100,Paris,Charlie,BANANAS,SEASHELLS,4951.0,1
288900,Paris,Charlie,BANANAS,SEASHELLS,4952.0,1
289400,Charlie,Paris,BANANAS,SEASHELLS,4946.0,1
289400,Charlie,Paris,PEARLS,SEASHELLS,9995.0,1
289700,Charlie,Gina,BANANAS,SEASHELLS,4946.0,13
289700,Charlie,Pablo,PEARLS,SEASHELLS,9998.0,1
289800,Caesar,Paris,PEARLS,SEASHELLS,10000.0,2
289800,Caesar,Paris,BANANAS,SEASHELLS,4946.0,2
289800,Caesar,Pablo,PEARLS,SEASHELLS,9998.0,1
289900,Charlie,Paris,PEARLS,SEASHELLS,9998.0,1
290500,Charlie,Pablo,PEARLS,SEASHELLS,9998.0,2
290700,Paris,Gary,PEARLS,SEASHELLS,10002.0,1
290800,Paris,Charlie,PEARLS,SEASHELLS,10002.0,1
290800,Gary,Charlie,PEARLS,SEASHELLS,10004.0,10
290800,Gary,Caesar,PEARLS,SEASHELLS,10004.0,2
291000,Charlie,Paris,PEARLS,SEASHELLS,9998.0,1
291000,Caesar,Caesar,COCONUTS,SEASHELLS,8011.0,14
291000,Caesar,Caesar,COCONUTS,SEASHELLS,8011.0,40
291100,Pablo,Charlie,PEARLS,SEASHELLS,10002.0,2
291100,Pablo,Charlie,BANANAS,SEASHELLS,4950.0,5
291100,Paris,Charlie,BANANAS,SEASHELLS,4951.0,1
291800,Peter,Charlie,COCONUTS,SEASHELLS,8017.0,6
292000,Caesar,Peter,COCONUTS,SEASHELLS,8013.0,7
292300,Paris,Charlie,BANANAS,SEASHELLS,4951.0,1
292800,Charlie,Pablo,PEARLS,SEASHELLS,9998.0,5
293600,Charlie,Paris,BANANAS,SEASHELLS,4947.0,2
293600,Charlie,Paris,PEARLS,SEASHELLS,9996.0,1
293600,Caesar,Paris,PEARLS,SEASHELLS,9996.0,1
294100,Paris,Charlie,PEARLS,SEASHELLS,10002.0,1
294400,Paris,Paris,BANANAS,SEASHELLS,4945.0,1
294400,Paris,Charlie,PEARLS,SEASHELLS,10002.0,1
294400,Paris,Caesar,PEARLS,SEASHELLS,10004.0,1
294600,Charlie,Gary,PEARLS,SEASHELLS,9995.0,8
294600,Pablo,Charlie,BANANAS,SEASHELLS,4948.0,5
294700,Charlie,Paris,BANANAS,SEASHELLS,4944.0,1
295300,Paris,Charlie,BANANAS,SEASHELLS,4949.0,1
295300,Paris,Caesar,PEARLS,SEASHELLS,10004.0,1
295600,Paris,Charlie,BANANAS,SEASHELLS,4948.0,1
295800,Pablo,Caesar,COCONUTS,SEASHELLS,8021.0,19
295800,Caesar,Paris,PEARLS,SEASHELLS,9996.0,2
295800,Charlie,Paris,BANANAS,SEASHELLS,4943.0,2
296000,Charlie,Paris,PEARLS,SEASHELLS,9998.0,1
296100,Paris,Charlie,BANANAS,SEASHELLS,4949.0,1
296100,Charlie,Paris,PEARLS,SEASHELLS,9998.0,1
296200,Caesar,Caesar,PINA_COLADAS,SEASHELLS,15007.0,20
296200,Gary,Caesar,BANANAS,SEASHELLS,4950.0,2
296300,Paris,Charlie,BANANAS,SEASHELLS,4951.0,1
296300,Paris,Charlie,PEARLS,SEASHELLS,10005.0,1
296500,Penelope,Caesar,PEARLS,SEASHELLS,10004.0,2
296700,Penelope,Camilla,PEARLS,SEASHELLS,10002.0,5
296700,Charlie,Penelope,BANANAS,SEASHELLS,4944.0,5
297200,Paris,Charlie,BANANAS,SEASHELLS,4951.0,2
297200,Paris,Caesar,PEARLS,SEASHELLS,10004.0,1
297200,Pablo,Paris,BANANAS,SEASHELLS,4949.0,1
297200,Paris,Charlie,PEARLS,SEASHELLS,10004.0,1
297800,Charlie,Paris,BANANAS,SEASHELLS,4945.0,1
297900,Charlie,Peter,PINA_COLADAS,SEASHELLS,15012.0,4
298400,Peter,Charlie,PINA_COLADAS,SEASHELLS,15017.0,4
298800,Camilla,Pablo,PEARLS,SEASHELLS,9998.0,1
299000,Gina,Paris,BANANAS,SEASHELLS,4946.0,1
299000,Gina,Charlie,BANANAS,SEASHELLS,4950.0,9
299000,Peter,Charlie,PINA_COLADAS,SEASHELLS,15018.0,3
299100,Paris,Paris,PEARLS,SEASHELLS,9998.0,1
299100,Paris,Charlie,BANANAS,SEASHELLS,4952.0,2
299400,Paris,Charlie,BANANAS,SEASHELLS,4950.0,1
299500,Caesar,Paris,PEARLS,SEASHELLS,9996.0,1
299500,Charlie,Paris,BANANAS,SEASHELLS,4945.0,1
299600,Penelope,Caesar,PEARLS,SEASHELLS,10004.0,1
299800,Charlie,Paris,BANANAS,SEASHELLS,4946.0,1
300900,Camilla,Paris,BANANAS,SEASHELLS,4946.0,1
301000,Caesar,Gary,PEARLS,SEASHELLS,9996.0,2
301000,Charlie,Paris,PEARLS,SEASHELLS,9995.0,2
301000,Caesar,Paris,BANANAS,SEASHELLS,4946.0,2
301100,Paris,Camilla,BANANAS,SEASHELLS,4951.0,1
301100,Caesar,Caesar,COCONUTS,SEASHELLS,8023.0,49
301100,Caesar,Caesar,COCONUTS,SEASHELLS,8023.0,2
301500,Camilla,Penelope,PEARLS,SEASHELLS,9998.0,3
301500,Charlie,Penelope,PEARLS,SEASHELLS,9998.0,5
301500,Camilla,Paris,BANANAS,SEASHELLS,4946.0,1
301500,Peter,Charlie,COCONUTS,SEASHELLS,8026.0,6
301600,Charlie,Paris,BANANAS,SEASHELLS,4945.0,1
301600,Paris,Charlie,PEARLS,SEASHELLS,10002.0,1
302000,Charlie,Paris,BANANAS,SEASHELLS,4945.0,1
302000,Caesar,Paris,PEARLS,SEASHELLS,9996.0,1
302700,Charlie,Pablo,COCONUTS,SEASHELLS,8027.0,20
302800,Gina,Camilla,PEARLS,SEASHELLS,10002.0,6
302800,Paris,Camilla,BANANAS,SEASHELLS,4948.0,1
303300,Charlie,Paris,BANANAS,SEASHELLS,4943.0,1
303400,Pablo,Camilla,PEARLS,SEASHELLS,10002.0,5
303500,Pablo,Camilla,PEARLS,SEASHELLS,10002.0,2
304000,Charlie,Paris,PEARLS,SEASHELLS,9998.0,1
304300,Paris,Camilla,BANANAS,SEASHELLS,4949.0,1
304600,Camilla,Paris,PEARLS,SEASHELLS,9998.0,1
304600,Pablo,Caesar,COCONUTS,SEASHELLS,8026.0,18
304600,Paris,Charlie,BANANAS,SEASHELLS,4947.0,1
305300,Pablo,Caesar,PINA_COLADAS,SEASHELLS,15043.0,5
305600,Gary,Charlie,BANANAS,SEASHELLS,4948.0,15
305700,Paris,Camilla,PEARLS,SEASHELLS,10002.0,1
305800,Charlie,Paris,BANANAS,SEASHELLS,4941.0,2
305800,Charlie,Paris,PEARLS,SEASHELLS,9995.0,2
305800,Charlie,Penelope,BANANAS,SEASHELLS,4941.0,8
306200,Charlie,Paris,BANANAS,SEASHELLS,4943.0,1
306400,Paris,Caesar,PEARLS,SEASHELLS,10004.0,1
306400,Paris,Charlie,PEARLS,SEASHELLS,10004.0,1
306400,Paris,Charlie,BANANAS,SEASHELLS,4949.0,2
306700,Pablo,Camilla,BANANAS,SEASHELLS,4947.0,1
306700,Paris,Camilla,BANANAS,SEASHELLS,4948.0,1
307000,Charlie,Pablo,BANANAS,SEASHELLS,4943.0,1
307000,Paris,Caesar,PEARLS,SEASHELLS,10004.0,1
307000,Paris,Pablo,BANANAS,SEASHELLS,4943.0,1
307200,Peter,Caesar,PINA_COLADAS,SEASHELLS,15033.0,3
307600,Pablo,Camilla,PEARLS,SEASHELLS,10002.0,3
307700,Penelope,Camilla,PEARLS,SEASHELLS,10002.0,4
307700,Charlie,Paris,BANANAS,SEASHELLS,4942.0,1
308000,Charlie,Penelope,PEARLS,SEASHELLS,9995.0,3
308800,Gary,Charlie,BANANAS,SEASHELLS,4948.0,18
308800,Camilla,Penelope,BANANAS,SEASHELLS,4942.0,2
308900,Paris,Charlie,BANANAS,SEASHELLS,4947.0,1
309000,Caesar,Paris,BANANAS,SEASHELLS,4942.0,1
309200,Gary,Charlie,BANANAS,SEASHELLS,4948.0,13
309300,Pablo,Charlie,BANANAS,SEASHELLS,4946.0,1
309300,Camilla,Paris,PEARLS,SEASHELLS,9998.0,1
309300,Peter,Caesar,COCONUTS,SEASHELLS,8025.0,9
309400,Charlie,Paris,PEARLS,SEASHELLS,9998.0,1
309600,Caesar,Paris,PEARLS,SEASHELLS,9996.0,1
309600,Charlie,Paris,BANANAS,SEASHELLS,4942.0,1
309600,Charlie,Paris,PEARLS,SEASHELLS,9996.0,1
309600,Caesar,Paris,BANANAS,SEASHELLS,4942.0,1
309700,Gary,Caesar,PEARLS,SEASHELLS,10004.0,1
309700,Gary,Charlie,PEARLS,SEASHELLS,10004.0,9
309800,Charlie,Penelope,BANANAS,SEASHELLS,4941.0,12
311000,Caesar,Pablo,BANANAS,SEASHELLS,4943.0,2
311400,Gary,Charlie,BANANAS,SEASHELLS,4948.0,19
311400,Camilla,Paris,PEARLS,SEASHELLS,9998.0,1
311400,Paris,Pablo,BANANAS,SEASHELLS,4943.0,1
311400,Caesar,Pablo,BANANAS,SEASHELLS,4943.0,3
311500,Paris,Charlie,BANANAS,SEASHELLS,4946.0,1
311600,Paris,Charlie,BANANAS,SEASHELLS,4946.0,1
311700,Charlie,Paris,BANANAS,SEASHELLS,4942.0,1
312000,Penelope,Charlie,BANANAS,SEASHELLS,4950.0,7
312200,Charlie,Pablo,BANANAS,SEASHELLS,4944.0,3
312500,Charlie,Paris,PEARLS,SEASHELLS,9998.0,1
312700,Paris,Camilla,BANANAS,SEASHELLS,4947.0,1
312800,Charlie,Paris,BANANAS,SEASHELLS,4942.0,1
312900,Charlie,Paris,PEARLS,SEASHELLS,9996.0,1
312900,Caesar,Paris,BANANAS,SEASHELLS,4943.0,1
312900,Charlie,Paris,BANANAS,SEASHELLS,4943.0,1
312900,Caesar,Paris,PEARLS,SEASHELLS,9996.0,1
313000,Paris,Charlie,BANANAS,SEASHELLS,4948.0,1
313100,Camilla,Paris,PEARLS,SEASHELLS,9998.0,1
313400,Caesar,Penelope,PEARLS,SEASHELLS,9996.0,2
313700,Paris,Charlie,BANANAS,SEASHELLS,4949.0,1
313800,Caesar,Penelope,PEARLS,SEASHELLS,9996.0,1
313800,Charlie,Penelope,PEARLS,SEASHELLS,9996.0,3
314200,Charlie,Pablo,BANANAS,SEASHELLS,4945.0,3
314500,Penelope,Camilla,PEARLS,SEASHELLS,10002.0,3
314600,Caesar,Penelope,PEARLS,SEASHELLS,9996.0,2
314600,Charlie,Penelope,PEARLS,SEASHELLS,9996.0,5
314700,Paris,Charlie,BANANAS,SEASHELLS,4949.0,1
314800,Paris,Charlie,BANANAS,SEASHELLS,4949.0,1
314800,Paris,Charlie,PEARLS,SEASHELLS,10002.0,1
315000,Charlie,Paris,BANANAS,SEASHELLS,4944.0,2
315000,Caesar,Paris,PEARLS,SEASHELLS,9996.0,2
315100,Camilla,Paris,PEARLS,SEASHELLS,9998.0,1
315100,Camilla,Paris,BANANAS,SEASHELLS,4944.0,1
315500,Charlie,Paris,BANANAS,SEASHELLS,4944.0,1
315600,Charlie,Paris,PEARLS,SEASHELLS,9998.0,1
316300,Paris,Paris,PEARLS,SEASHELLS,10002.0,1
316300,Charlie,Paris,BANANAS,SEASHELLS,4942.0,2
316500,Camilla,Pablo,PEARLS,SEASHELLS,9998.0,1
316900,Paris,Caesar,PEARLS,SEASHELLS,10004.0,1
316900,Paris,Caesar,BANANAS,SEASHELLS,4948.0,1
317000,Paris,Charlie,BANANAS,SEASHELLS,4948.0,1
317200,Paris,Charlie,BANANAS,SEASHELLS,4946.0,1
317500,Charlie,Pablo,BANANAS,SEASHELLS,4943.0,3
317600,Charlie,Paris,BANANAS,SEASHELLS,4941.0,1
317600,Charlie,Pablo,BANANAS,SEASHELLS,4942.0,4
317700,Paris,Charlie,PEARLS,SEASHELLS,10002.0,1
317700,Penelope,Caesar,PEARLS,SEASHELLS,10004.0,1
317700,Penelope,Charlie,PEARLS,SEASHELLS,10004.0,5
318000,Caesar,Gary,PEARLS,SEASHELLS,9996.0,1
318000,Charlie,Gary,PEARLS,SEASHELLS,9996.0,8
318200,Paris,Charlie,BANANAS,SEASHELLS,4946.0,1
318300,Charlie,Paris,BANANAS,SEASHELLS,4942.0,1
318500,Charlie,Paris,PEARLS,SEASHELLS,9995.0,2
318500,Charlie,Paris,BANANAS,SEASHELLS,4940.0,2
318600,Penelope,Charlie,PEARLS,SEASHELLS,10005.0,8
318800,Caesar,Paris,PEARLS,SEASHELLS,9996.0,2
318800,Charlie,Paris,BANANAS,SEASHELLS,4940.0,2
319000,Paris,Charlie,BANANAS,SEASHELLS,4946.0,1
319000,Paris,Caesar,PEARLS,SEASHELLS,10004.0,1
319200,Camilla,Paris,PEARLS,SEASHELLS,9998.0,2
319200,Camilla,Paris,BANANAS,SEASHELLS,4940.0,2
320100,Charlie,Paris,BANANAS,SEASHELLS,4940.0,1
320200,Camilla,Paris,PEARLS,SEASHELLS,9998.0,1
320300,Charlie,Paris,PEARLS,SEASHELLS,9998.0,1
321000,Paris,Penelope,BANANAS,SEASHELLS,4943.0,1
321800,Paris,Charlie,PEARLS,SEASHELLS,10002.0,1
322000,Penelope,Caesar,BANANAS,SEASHELLS,4942.0,1
322000,Penelope,Charlie,BANANAS,SEASHELLS,4942.0,11
322100,Charlie,Pablo,PEARLS,SEASHELLS,9998.0,1
322900,Caesar,Caesar,COCONUTS,SEASHELLS,8025.0,13
322900,Caesar,Caesar,COCONUTS,SEASHELLS,8025.0,53
323100,Caesar,Paris,BANANAS,SEASHELLS,4938.0,1
323100,Charlie,Peter,COCONUTS,SEASHELLS,8026.0,8
323300,Paris,Charlie,BANANAS,SEASHELLS,4945.0,2
323300,Paris,Charlie,PEARLS,SEASHELLS,10005.0,2
323300,Camilla,Pablo,PEARLS,SEASHELLS,9998.0,1
323400,Camilla,Penelope,BANANAS,SEASHELLS,4940.0,4
323600,Paris,Charlie,BANANAS,SEASHELLS,4944.0,1
324500,Pablo,Charlie,PEARLS,SEASHELLS,10002.0,2
324600,Charlie,Paris,PEARLS,SEASHELLS,9998.0,1
325000,Charlie,Paris,PEARLS,SEASHELLS,9998.0,1
325000,Paris,Charlie,BANANAS,SEASHELLS,4944.0,1
325100,Charlie,Paris,BANANAS,SEASHELLS,4939.0,1
325200,Paris,Camilla,BANANAS,SEASHELLS,4944.0,1
325500,Paris,Caesar,PEARLS,SEASHELLS,10004.0,1
325500,Paris,Charlie,BANANAS,SEASHELLS,4945.0,1
325700,Charlie,Paris,PEARLS,SEASHELLS,9998.0,1
326200,Paris,Charlie,PEARLS,SEASHELLS,10002.0,1
326200,Charlie,Penelope,BANANAS,SEASHELLS,4938.0,9
326300,Peter,Charlie,COCONUTS,SEASHELLS,8024.0,6
326400,Paris,Charlie,BANANAS,SEASHELLS,4945.0,2
326400,Paris,Charlie,PEARLS,SEASHELLS,10005.0,2
326600,Caesar,Penelope,PEARLS,SEASHELLS,9996.0,2
326600,Charlie,Penelope,PEARLS,SEASHELLS,9996.0,6
326700,Caesar,Paris,BANANAS,SEASHELLS,4939.0,2
326700,Caesar,Paris,PEARLS,SEASHELLS,9996.0,2
327100,Penelope,Camilla,PEARLS,SEASHELLS,10002.0,4
327400,Pablo,Charlie,PEARLS,SEASHELLS,10002.0,5
327500,Paris,Charlie,BANANAS,SEASHELLS,4944.0,1
327600,Paris,Charlie,PEARLS,SEASHELLS,10002.0,1
327800,Paris,Charlie,PEARLS,SEASHELLS,10002.0,1
327800,Pablo,Charlie,BANANAS,SEASHELLS,4944.0,4
328100,Gina,Charlie,BANANAS,SEASHELLS,4945.0,13
328200,Camilla,Paris,PEARLS,SEASHELLS,9998.0,1
328400,Paris,Camilla,PEARLS,SEASHELLS,10002.0,1
328700,Charlie,Peter,COCONUTS,SEASHELLS,8032.0,8
328700,Caesar,Paris,BANANAS,SEASHELLS,4940.0,1
329100,Caesar,Gary,BANANAS,SEASHELLS,4939.0,2
329200,Paris,Penelope,BANANAS,SEASHELLS,4944.0,1
329400,Charlie,Pablo,BANANAS,SEASHELLS,4939.0,3
329400,Pablo,Charlie,PEARLS,SEASHELLS,10002.0,2
329500,Paris,Camilla,BANANAS,SEASHELLS,4942.0,1
329500,Paris,Camilla,PEARLS,SEASHELLS,10002.0,1
329800,Paris,Gary,PEARLS,SEASHELLS,10002.0,1
329900,Charlie,Paris,BANANAS,SEASHELLS,4937.0,1
330700,Charlie,Paris,BANANAS,SEASHELLS,4935.0,1
331100,Charlie,Pablo,BANANAS,SEASHELLS,4936.0,1
331300,Charlie,Paris,BANANAS,SEASHELLS,4934.0,1
331300,Caesar,Paris,PEARLS,SEASHELLS,9996.0,1
332000,Pablo,Camilla,BANANAS,SEASHELLS,4939.0,2
332100,Pablo,Charlie,BANANAS,SEASHELLS,4939.0,2
332100,Caesar,Pablo,PEARLS,SEASHELLS,9998.0,3
332100,Charlie,Pablo,PEARLS,SEASHELLS,9998.0,1
332600,Charlie,Paris,BANANAS,SEASHELLS,4933.0,1
333200,Pablo,Charlie,PEARLS,SEASHELLS,10002.0,2
333200,Charlie,Paris,BANANAS,SEASHELLS,4933.0,1
333400,Paris,Charlie,BANANAS,SEASHELLS,4939.0,1
333600,Paris,Charlie,PEARLS,SEASHELLS,10002.0,1
333600,Paris,Charlie,BANANAS,SEASHELLS,4938.0,1
333700,Camilla,Paris,BANANAS,SEASHELLS,4933.0,1
334000,Charlie,Paris,BANANAS,SEASHELLS,4933.0,1
334300,Charlie,Paris,PEARLS,SEASHELLS,9995.0,2
334300,Charlie,Paris,BANANAS,SEASHELLS,4932.0,2
334500,Peter,Caesar,COCONUTS,SEASHELLS,8036.0,7
334800,Caesar,Penelope,PEARLS,SEASHELLS,9996.0,1
334800,Charlie,Penelope,PEARLS,SEASHELLS,9996.0,5
334800,Charlie,Pablo,BANANAS,SEASHELLS,4934.0,4
335200,Peter,Charlie,COCONUTS,SEASHELLS,8036.0,7
335400,Caesar,Peter,PINA_COLADAS,SEASHELLS,15049.0,3
335400,Charlie,Paris,PEARLS,SEASHELLS,9998.0,1
335600,Peter,Caesar,COCONUTS,SEASHELLS,8036.0,10
335700,Paris,Camilla,BANANAS,SEASHELLS,4940.0,1
336100,Camilla,Pablo,BANANAS,SEASHELLS,4936.0,3
336500,Camilla,Paris,PEARLS,SEASHELLS,9998.0,2
336500,Camilla,Paris,BANANAS,SEASHELLS,4936.0,2
336700,Charlie,Gina,PEARLS,SEASHELLS,9998.0,6
336800,Charlie,Paris,BANANAS,SEASHELLS,4936.0,1
337000,Pablo,Charlie,BANANAS,SEASHELLS,4940.0,2
337100,Paris,Charlie,BANANAS,SEASHELLS,4943.0,2
337100,Paris,Charlie,PEARLS,SEASHELLS,10005.0,2
337700,Paris,Charlie,PEARLS,SEASHELLS,10002.0,1
337900,Paris,Charlie,PEARLS,SEASHELLS,10002.0,1
338300,Gina,Charlie,BANANAS,SEASHELLS,4938.0,9
338400,Paris,Gary,PEARLS,SEASHELLS,10002.0,1
338500,Charlie,Paris,BANANAS,SEASHELLS,4934.0,1
338900,Charlie,Pablo,BANANAS,SEASHELLS,4935.0,1
339800,Paris,Caesar,BANANAS,SEASHELLS,4941.0,1
339800,Paris,Caesar,PEARLS,SEASHELLS,10004.0,1
340800,Penelope,Charlie,BANANAS,SEASHELLS,4943.0,9
340900,Charlie,Penelope,BANANAS,SEASHELLS,4936.0,8
341100,Charlie,Paris,BANANAS,SEASHELLS,4937.0,1
341100,Paris,Camilla,PEARLS,SEASHELLS,10002.0,1
341200,Charlie,Gary,PEARLS,SEASHELLS,9995.0,11
341300,Paris,Camilla,PEARLS,SEASHELLS,10002.0,1
341400,Charlie,Pablo,PINA_COLADAS,SEASHELLS,15041.0,10
341500,Charlie,Paris,PEARLS,SEASHELLS,9998.0,1
341700,Charlie,Paris,BANANAS,SEASHELLS,4936.0,1
341700,Paris,Caesar,BANANAS,SEASHELLS,4941.0,1
341700,Caesar,Paris,PEARLS,SEASHELLS,9996.0,1
341800,Charlie,Paris,PEARLS,SEASHELLS,9998.0,1
341800,Charlie,Pablo,PEARLS,SEASHELLS,9998.0,5
342000,Penelope,Caesar,BANANAS,SEASHELLS,4943.0,1
342600,Charlie,Penelope,PEARLS,SEASHELLS,9995.0,3
342800,Pablo,Paris,PEARLS,SEASHELLS,10002.0,1
342900,Camilla,Paris,PEARLS,SEASHELLS,9998.0,1
342900,Caesar,Pablo,PINA_COLADAS,SEASHELLS,15044.0,13
343500,Charlie,Paris,PEARLS,SEASHELLS,9998.0,1
343500,Paris,Charlie,BANANAS,SEASHELLS,4941.0,1
343900,Paris,Charlie,BANANAS,SEASHELLS,4939.0,1
344300,Paris,Camilla,PEARLS,SEASHELLS,10002.0,2
344300,Paris,Camilla,BANANAS,SEASHELLS,4940.0,2
344400,Charlie,Paris,PEARLS,SEASHELLS,9995.0,1
344400,Charlie,Paris,BANANAS,SEASHELLS,4935.0,1
344600,Caesar,Caesar,PINA_COLADAS,SEASHELLS,15041.0,11
344600,Caesar,Caesar,PINA_COLADAS,SEASHELLS,15041.0,24
344600,Penelope,Camilla,PEARLS,SEASHELLS,10002.0,4
344700,Charlie,Caesar,BANANAS,SEASHELLS,4937.0,1
344900,Paris,Caesar,PEARLS,SEASHELLS,10004.0,1
344900,Camilla,Paris,BANANAS,SEASHELLS,4934.0,1
344900,Paris,Caesar,BANANAS,SEASHELLS,4940.0,1
345000,Charlie,Peter,PINA_COLADAS,SEASHELLS,15041.0,2
345000,Paris,Charlie,PEARLS,SEASHELLS,10002.0,1
