timestamp,buyer,seller,symbol,currency,price,quantity
100,Paris,Charlie,PEARLS,SEASHELLS,10002.0,1
100,Paris,Charlie,BANANAS,SEASHELLS,4875.0,1
200,Paris,Camilla,DIP,SEASHELLS,7002.0,9
200,Paris,Charlie,BANANAS,SEASHELLS,4876.0,1
200,Paris,Caesar,PEARLS,SEASHELLS,10004.0,1
300,Paris,Charlie,BANANAS,SEASHELLS,4873.0,1
400,Charlie,Caesar,BANANAS,SEASHELLS,4871.0,5
500,Paris,Charlie,BANANAS,SEASHELLS,4874.0,1
700,Caesar,Camilla,DIP,SEASHELLS,7002.0,6
800,Caesar,Paris,PEARLS,SEASHELLS,9996.0,1
800,Caesar,Paris,BANANAS,SEASHELLS,4871.0,1
1000,Penelope,Charlie,BANANAS,SEASHELLS,4875.0,10
1000,Caesar,Paris,UKULELE,SEASHELLS,21015.0,4
1100,Paris,Caesar,UKULELE,SEASHELLS,21017.0,5
1100,Caesar,Paris,BAGUETTE,SEASHELLS,12000.0,4
1200,Charlie,Paris,BANANAS,SEASHELLS,4868.0,1
1300,Paris,Camilla,DIVING_GEAR,SEASHELLS,98906.0,3
1300,Paris,Charlie,PEARLS,SEASHELLS,10002.0,1
1500,Paris,Charlie,BANANAS,SEASHELLS,4874.0,1
1500,Caesar,Camilla,DIP,SEASHELLS,6998.0,10
1500,Charlie,Pablo,PEARLS,SEASHELLS,9998.0,4
1500,Caesar,Paris,DIP,SEASHELLS,6998.0,8
1600,Caesar,Camilla,DIP,SEASHELLS,6995.0,4
1700,Caesar,Paris,DIP,SEASHELLS,6995.0,8
1700,Charlie,Pablo,BANANAS,SEASHELLS,4870.0,2
1900,Charlie,Paris,BANANAS,SEASHELLS,4868.0,1
1900,Caesar,Pablo,PINA_COLADAS,SEASHELLS,14998.0,13
1900,Paris,Caesar,UKULELE,SEASHELLS,21023.0,2
2100,Caesar,Caesar,COCONUTS,SEASHELLS,7998.0,53
2200,Caesar,Paris,UKULELE,SEASHELLS,21021.0,3
2300,Camilla,Pablo,PICNIC_BASKET,SEASHELLS,73392.0,1
2300,Caesar,Pablo,PICNIC_BASKET,SEASHELLS,73393.0,2
2400,Caesar,Camilla,BAGUETTE,SEASHELLS,12010.0,7
2400,Caesar,Paris,BAGUETTE,SEASHELLS,12010.0,5
2600,Pablo,Camilla,PEARLS,SEASHELLS,10002.0,4
2600,Pablo,Charlie,PEARLS,SEASHELLS,10002.0,1
2600,Penelope,Charlie,BANANAS,SEASHELLS,4872.0,2
2600,Penelope,Camilla,BANANAS,SEASHELLS,4872.0,4
2700,Paris,Caesar,UKULELE,SEASHELLS,21015.0,5
3000,Paris,Charlie,BANANAS,SEASHELLS,4874.0,1
3100,Camilla,Paris,PEARLS,SEASHELLS,9998.0,1
3200,Gina,Caesar,PEARLS,SEASHELLS,10002.0,5
3200,Paris,Camilla,BERRIES,SEASHELLS,3921.0,9
3300,Paris,Charlie,PEARLS,SEASHELLS,10002.0,1
3400,Paris,Caesar,BAGUETTE,SEASHELLS,12023.0,7
3500,Gary,Charlie,BANANAS,SEASHELLS,4874.0,10
3500,Caesar,Paris,BAGUETTE,SEASHELLS,12021.0,8
3500,Camilla,Paris,BERRIES,SEASHELLS,3914.0,6
3500,Paris,Caesar,UKULELE,SEASHELLS,21024.0,2
3500,Gary,Camilla,BANANAS,SEASHELLS,4874.0,10
3700,Camilla,Penelope,BERRIES,SEASHELLS,3914.0,10
3700,Camilla,Pablo,PEARLS,SEASHELLS,9998.0,1
4200,Penelope,Charlie,BANANAS,SEASHELLS,4876.0,6
4200,Pablo,Charlie,PEARLS,SEASHELLS,10002.0,5
4200,Penelope,Caesar,BANANAS,SEASHELLS,4876.0,1
4400,Caesar,Camilla,DIP,SEASHELLS,6992.0,6
4600,Paris,Caesar,DIP,SEASHELLS,6995.0,5
4600,Caesar,Camilla,DIP,SEASHELLS,6993.0,9
4900,Charlie,Penelope,BANANAS,SEASHELLS,4871.0,7
4900,Caesar,Camilla,BAGUETTE,SEASHELLS,12017.0,4
5100,Paris,Charlie,DIVING_GEAR,SEASHELLS,98967.0,2
5400,Paris,Charlie,PEARLS,SEASHELLS,10005.0,1
5400,Paris,Charlie,BANANAS,SEASHELLS,4879.0,1
5400,Gary,Charlie,BANANAS,SEASHELLS,4879.0,15
5400,Paris,Camilla,BERRIES,SEASHELLS,3920.0,4
5500,Penelope,Caesar,PEARLS,SEASHELLS,10004.0,1
5500,Caesar,Paris,BAGUETTE,SEASHELLS,12024.0,7
5500,Caesar,Camilla,DIP,SEASHELLS,6998.0,9
5600,Caesar,Penelope,PICNIC_BASKET,SEASHELLS,73468.0,2
5700,Gary,Camilla,BERRIES,SEASHELLS,3920.0,19
6100,Caesar,Paris,DIP,SEASHELLS,6998.0,4
6200,Paris,Charlie,BANANAS,SEASHELLS,4878.0,1
6400,Caesar,Camilla,DIP,SEASHELLS,6997.0,6
6700,Paris,Caesar,PEARLS,SEASHELLS,10004.0,1
6700,Paris,Caesar,BANANAS,SEASHELLS,4879.0,1
6700,Paris,Caesar,DIP,SEASHELLS,6999.0,9
6800,Charlie,Paris,BANANAS,SEASHELLS,4873.0,1
6900,Caesar,Camilla,UKULELE,SEASHELLS,21025.0,8
6900,Gary,Camilla,BERRIES,SEASHELLS,3920.0,19
6900,Caesar,Paris,UKULELE,SEASHELLS,21025.0,5
7100,Caesar,Caesar,COCONUTS,SEASHELLS,7996.0,56
7200,Paris,Camilla,PEARLS,SEASHELLS,10002.0,1
7200,Caesar,Penelope,PEARLS,SEASHELLS,9996.0,1
7400,Paris,Caesar,UKULELE,SEASHELLS,21021.0,1
7600,Pablo,Charlie,PEARLS,SEASHELLS,10002.0,1
7600,Caesar,Camilla,BAGUETTE,SEASHELLS,12023.0,9
7700,Paris,Caesar,DIP,SEASHELLS,6998.0,10
8000,Paris,Charlie,BANANAS,SEASHELLS,4875.0,1
8100,Paris,Camilla,BERRIES,SEASHELLS,3922.0,4
8100,Caesar,Paris,UKULELE,SEASHELLS,21013.0,5
8100,Paris,Caesar,BAGUETTE,SEASHELLS,12032.0,5
8200,Caesar,Paris,DIP,SEASHELLS,6992.0,5
8200,Caesar,Paris,BANANAS,SEASHELLS,4871.0,1
8200,Caesar,Paris,PEARLS,SEASHELLS,9996.0,1
8300,Caesar,Caesar,COCONUTS,SEASHELLS,7992.0,46
8500,Caesar,Camilla,DIP,SEASHELLS,6992.0,3
8700,Caesar,Paris,BAGUETTE,SEASHELLS,12031.0,7
8900,Paris,Camilla,BERRIES,SEASHELLS,3923.0,1
9100,Paris,Caesar,DIP,SEASHELLS,6994.0,5
9100,Gary,Paris,PEARLS,SEASHELLS,9998.0,1
9300,Caesar,Paris,UKULELE,SEASHELLS,21011.0,5
9300,Peter,Charlie,COCONUTS,SEASHELLS,7993.0,6
9400,Caesar,Paris,DIP,SEASHELLS,6991.0,9
9400,Paris,Charlie,PEARLS,SEASHELLS,10002.0,1
9500,Paris,Caesar,UKULELE,SEASHELLS,21014.0,4
9500,Paris,Charlie,PEARLS,SEASHELLS,10002.0,1
9700,Paris,Caesar,PEARLS,SEASHELLS,10002.0,1
9900,Charlie,Gina,BANANAS,SEASHELLS,4867.0,9
10000,Charlie,Peter,PINA_COLADAS,SEASHELLS,14980.0,4
10200,Camilla,Camilla,DIVING_GEAR,SEASHELLS,98942.0,3
10200,Caesar,Camilla,DIP,SEASHELLS,6996.0,7
10300,Paris,Charlie,BANANAS,SEASHELLS,4873.0,1
10300,Paris,Caesar,PEARLS,SEASHELLS,10004.0,1
10500,Charlie,Pablo,COCONUTS,SEASHELLS,7991.0,10
10500,Paris,Caesar,UKULELE,SEASHELLS,21008.0,5
10700,Charlie,Pablo,PEARLS,SEASHELLS,9998.0,3
10800,Camilla,Penelope,BERRIES,SEASHELLS,3915.0,14
11000,Charlie,Gina,BANANAS,SEASHELLS,4867.0,9
11500,Camilla,Gary,BERRIES,SEASHELLS,3916.0,18
11900,Caesar,Paris,DIP,SEASHELLS,6994.0,7
11900,Paris,Charlie,PEARLS,SEASHELLS,10002.0,1
12200,Caesar,Paris,UKULELE,SEASHELLS,20982.0,1
12400,Caesar,Paris,DIP,SEASHELLS,6991.0,7
12500,Charlie,Peter,COCONUTS,SEASHELLS,7991.0,10
12700,Pablo,Camilla,PEARLS,SEASHELLS,10002.0,1
12700,Caesar,Camilla,BAGUETTE,SEASHELLS,12028.0,10
12700,Pablo,Charlie,PEARLS,SEASHELLS,10002.0,1
12800,Gary,Camilla,BERRIES,SEASHELLS,3918.0,11
13100,Paris,Caesar,DIP,SEASHELLS,6992.0,9
13200,Caesar,Paris,UKULELE,SEASHELLS,20983.0,5
13200,Caesar,Camilla,UKULELE,SEASHELLS,20983.0,8
13300,Pablo,Caesar,COCONUTS,SEASHELLS,7992.0,24
13300,Pablo,Charlie,PEARLS,SEASHELLS,10002.0,2
13300,Caesar,Camilla,DIP,SEASHELLS,6991.0,10
13400,Paris,Caesar,UKULELE,SEASHELLS,20988.0,5
13700,Caesar,Camilla,DIP,SEASHELLS,6991.0,12
13700,Pablo,Charlie,BANANAS,SEASHELLS,4870.0,2
13700,Paris,Charlie,PEARLS,SEASHELLS,10002.0,1
14000,Camilla,Paris,BANANAS,SEASHELLS,4868.0,1
14000,Gina,Charlie,PEARLS,SEASHELLS,10002.0,5
14000,Paris,Charlie,DIVING_GEAR,SEASHELLS,98969.0,2
14000,Gina,Paris,PEARLS,SEASHELLS,10002.0,1
14200,Caesar,Paris,BAGUETTE,SEASHELLS,12032.0,5
14300,Pablo,Charlie,BANANAS,SEASHELLS,4871.0,2
14400,Pablo,Charlie,PEARLS,SEASHELLS,10002.0,2
14400,Charlie,Paris,BANANAS,SEASHELLS,4867.0,1
14400,Charlie,Paris,BANANAS,SEASHELLS,4867.0,2
14400,Pablo,Paris,PEARLS,SEASHELLS,10002.0,2
14600,Caesar,Gina,BANANAS,SEASHELLS,4867.0,1
14600,Paris,Gina,BANANAS,SEASHELLS,4872.0,1
14700,Caesar,Camilla,DIP,SEASHELLS,6994.0,3
14800,Charlie,Caesar,BANANAS,SEASHELLS,4868.0,4
14800,Charlie,Paris,PEARLS,SEASHELLS,9998.0,1
14800,Caesar,Paris,BAGUETTE,SEASHELLS,12029.0,6
14900,Caesar,Paris,UKULELE,SEASHELLS,20993.0,5
15000,Charlie,Paris,BANANAS,SEASHELLS,4865.0,1
15100,Caesar,Paris,DIP,SEASHELLS,6990.0,4
15100,Charlie,Paris,PEARLS,SEASHELLS,9998.0,1
15100,Caesar,Caesar,PINA_COLADAS,SEASHELLS,14985.0,27
15300,Caesar,Paris,UKULELE,SEASHELLS,21003.0,4
15400,Paris,Caesar,DIP,SEASHELLS,6992.0,6
15400,Caesar,Peter,PINA_COLADAS,SEASHELLS,14979.0,4
15400,Gary,Charlie,BANANAS,SEASHELLS,4871.0,12
15700,Paris,Caesar,UKULELE,SEASHELLS,21006.0,2
15800,Paris,Charlie,BANANAS,SEASHELLS,4870.0,2
15800,Paris,Caesar,PEARLS,SEASHELLS,10004.0,2
15900,Caesar,Paris,BAGUETTE,SEASHELLS,12040.0,6
16000,Caesar,Gina,BANANAS,SEASHELLS,4863.0,2
16000,Charlie,Gina,BANANAS,SEASHELLS,4863.0,5
16100,Caesar,Paris,BAGUETTE,SEASHELLS,12040.0,8
16200,Charlie,Paris,BANANAS,SEASHELLS,4863.0,1
16200,Pablo,Camilla,PEARLS,SEASHELLS,10002.0,3
16300,Charlie,Penelope,PEARLS,SEASHELLS,9996.0,1
16300,Caesar,Camilla,DIP,SEASHELLS,6989.0,12
16300,Charlie,Paris,DIVING_GEAR,SEASHELLS,98911.0,2
16300,Caesar,Penelope,PEARLS,SEASHELLS,9996.0,1
16400,Caesar,Caesar,COCONUTS,SEASHELLS,7993.0,44
16500,Camilla,Camilla,DIVING_GEAR,SEASHELLS,98906.0,2
16600,Charlie,Paris,DIVING_GEAR,SEASHELLS,98915.0,3
16700,Camilla,Paris,DIVING_GEAR,SEASHELLS,98921.0,1
16800,Paris,Camilla,BERRIES,SEASHELLS,3918.0,5
17100,Caesar,Penelope,PICNIC_BASKET,SEASHELLS,73400.0,1
17100,Charlie,Camilla,DIVING_GEAR,SEASHELLS,98905.0,1
17300,Paris,Charlie,DIVING_GEAR,SEASHELLS,98927.0,1
17300,Gary,Camilla,BERRIES,SEASHELLS,3917.0,10
17300,Charlie,Peter,PINA_COLADAS,SEASHELLS,14981.0,2
17400,Paris,Charlie,BANANAS,SEASHELLS,4868.0,2
17400,Paris,Gina,PEARLS,SEASHELLS,9998.0,2
17500,Caesar,Paris,BAGUETTE,SEASHELLS,12033.0,5
17700,Caesar,Camilla,UKULELE,SEASHELLS,21009.0,10
17700,Camilla,Charlie,DIVING_GEAR,SEASHELLS,98923.0,1
17900,Charlie,Pablo,PEARLS,SEASHELLS,9998.0,1
17900,Paris,Pablo,PEARLS,SEASHELLS,9998.0,1
17900,Paris,Camilla,BANANAS,SEASHELLS,4866.0,1
17900,Caesar,Paris,UKULELE,SEASHELLS,21007.0,5
17900,Caesar,Pablo,PEARLS,SEASHELLS,9998.0,2
18100,Caesar,Camilla,DIP,SEASHELLS,6991.0,12
18200,Caesar,Paris,PEARLS,SEASHELLS,9996.0,1
18200,Camilla,Paris,DIVING_GEAR,SEASHELLS,98932.0,2
18200,Charlie,Paris,BANANAS,SEASHELLS,4862.0,1
18200,Gary,Camilla,PEARLS,SEASHELLS,10002.0,9
18600,Caesar,Paris,UKULELE,SEASHELLS,21024.0,5
18900,Gina,Charlie,BANANAS,SEASHELLS,4866.0,8
18900,Paris,Charlie,PEARLS,SEASHELLS,10002.0,1
19000,Camilla,Camilla,DIVING_GEAR,SEASHELLS,98916.0,1
19300,Camilla,Gary,BANANAS,SEASHELLS,4863.0,2
19300,Charlie,Gary,BANANAS,SEASHELLS,4863.0,13
19300,Camilla,Gina,PEARLS,SEASHELLS,9998.0,2
19300,Charlie,Gina,PEARLS,SEASHELLS,9998.0,6
19500,Paris,Caesar,UKULELE,SEASHELLS,21041.0,5
19500,Caesar,Camilla,BAGUETTE,SEASHELLS,12045.0,6
19600,Paris,Charlie,PEARLS,SEASHELLS,10002.0,1
19600,Camilla,Gina,BANANAS,SEASHELLS,4863.0,5
19600,Charlie,Gina,BANANAS,SEASHELLS,4863.0,4
19800,Paris,Caesar,UKULELE,SEASHELLS,21042.0,2
19900,Caesar,Camilla,BAGUETTE,SEASHELLS,12039.0,6
19900,Paris,Camilla,DIVING_GEAR,SEASHELLS,98946.0,2
19900,Caesar,Penelope,PEARLS,SEASHELLS,9996.0,1
20000,Charlie,Paris,PEARLS,SEASHELLS,9998.0,1
20000,Charlie,Gina,BANANAS,SEASHELLS,4863.0,12
20100,Caesar,Penelope,PICNIC_BASKET,SEASHELLS,73435.0,1
20100,Charlie,Peter,COCONUTS,SEASHELLS,7989.0,10
20100,Paris,Caesar,UKULELE,SEASHELLS,21038.0,5
20200,Paris,Charlie,PEARLS,SEASHELLS,10002.0,1
20300,Paris,Caesar,DIP,SEASHELLS,6992.0,7
20500,Camilla,Paris,BERRIES,SEASHELLS,3911.0,4
20500,Paris,Caesar,BAGUETTE,SEASHELLS,12047.0,8
20600,Paris,Camilla,BANANAS,SEASHELLS,4865.0,2
20600,Paris,Pablo,PEARLS,SEASHELLS,9998.0,2
20700,Caesar,Paris,DIP,SEASHELLS,6995.0,9
20800,Caesar,Camilla,DIP,SEASHELLS,6995.0,12
20800,Charlie,Peter,COCONUTS,SEASHELLS,7989.0,10
20900,Charlie,Paris,BANANAS,SEASHELLS,4860.0,1
20900,Paris,Caesar,UKULELE,SEASHELLS,21038.0,3
21000,Charlie,Gina,BANANAS,SEASHELLS,4861.0,13
21000,Paris,Caesar,BAGUETTE,SEASHELLS,12042.0,5
21100,Caesar,Paris,DIP,SEASHELLS,6994.0,5
21200,Caesar,Paris,BAGUETTE,SEASHELLS,12036.0,4
21200,Paris,Charlie,BANANAS,SEASHELLS,4865.0,1
21200,Charlie,Pablo,PEARLS,SEASHELLS,9998.0,1
21300,Camilla,Pablo,PICNIC_BASKET,SEASHELLS,73464.0,4
21500,Camilla,Camilla,DIVING_GEAR,SEASHELLS,98934.0,3
21500,Caesar,Paris,UKULELE,SEASHELLS,21049.0,3
21600,Paris,Camilla,DIVING_GEAR,SEASHELLS,98934.0,3
21600,Pablo,Caesar,BANANAS,SEASHELLS,4864.0,1
21600,Pablo,Charlie,BANANAS,SEASHELLS,4864.0,1
21700,Camilla,Penelope,BERRIES,SEASHELLS,3915.0,13
21700,Caesar,Paris,BAGUETTE,SEASHELLS,12027.0,4
21900,Caesar,Peter,PINA_COLADAS,SEASHELLS,14967.0,2
21900,Penelope,Camilla,BERRIES,SEASHELLS,3922.0,14
22100,Paris,Charlie,BANANAS,SEASHELLS,4865.0,1
22200,Paris,Charlie,PEARLS,SEASHELLS,10002.0,1
22200,Paris,Caesar,UKULELE,SEASHELLS,21048.0,2
22400,Caesar,Pablo,PICNIC_BASKET,SEASHELLS,73488.0,5
22400,Paris,Camilla,PEARLS,SEASHELLS,10002.0,1
22500,Paris,Charlie,BANANAS,SEASHELLS,4866.0,1
22700,Caesar,Paris,BAGUETTE,SEASHELLS,12024.0,5
22800,Caesar,Paris,BANANAS,SEASHELLS,4861.0,1
22800,Penelope,Charlie,BANANAS,SEASHELLS,4867.0,6
22800,Paris,Paris,PEARLS,SEASHELLS,10002.0,1
22800,Charlie,Paris,BANANAS,SEASHELLS,4861.0,1
22900,Caesar,Paris,BANANAS,SEASHELLS,4861.0,1
22900,Paris,Caesar,DIP,SEASHELLS,7000.0,4
23000,Caesar,Paris,BAGUETTE,SEASHELLS,12025.0,3
23000,Paris,Camilla,BANANAS,SEASHELLS,4865.0,1
23000,Paris,Camilla,PEARLS,SEASHELLS,10002.0,1
23200,Charlie,Paris,BANANAS,SEASHELLS,4860.0,1
23400,Paris,Charlie,DIVING_GEAR,SEASHELLS,98908.0,1
23500,Pablo,Charlie,BANANAS,SEASHELLS,4865.0,1
23500,Paris,Caesar,BAGUETTE,SEASHELLS,12014.0,4
23600,Caesar,Paris,BANANAS,SEASHELLS,4861.0,1
23600,Caesar,Paris,UKULELE,SEASHELLS,21029.0,5
23900,Caesar,Paris,BAGUETTE,SEASHELLS,12014.0,8
24000,Paris,Caesar,DIP,SEASHELLS,7001.0,7
24100,Pablo,Caesar,PICNIC_BASKET,SEASHELLS,73470.0,2
24100,Paris,Caesar,DIP,SEASHELLS,7002.0,6
24300,Caesar,Paris,UKULELE,SEASHELLS,21028.0,2
24300,Charlie,Paris,BANANAS,SEASHELLS,4862.0,1
24300,Paris,Charlie,PEARLS,SEASHELLS,10002.0,1
24300,Paris,Charlie,DIVING_GEAR,SEASHELLS,98892.0,3
24400,Caesar,Paris,BAGUETTE,SEASHELLS,12015.0,8
24400,Gary,Charlie,BANANAS,SEASHELLS,4868.0,17
24600,Charlie,Caesar,BANANAS,SEASHELLS,4864.0,2
25100,Pablo,Charlie,BANANAS,SEASHELLS,4867.0,1
25100,Paris,Caesar,DIP,SEASHELLS,6998.0,10
25100,Camilla,Paris,PEARLS,SEASHELLS,9998.0,1
25100,Caesar,Camilla,BAGUETTE,SEASHELLS,12014.0,5
25400,Camilla,Gary,BERRIES,SEASHELLS,3917.0,10
25500,Pablo,Peter,BERRIES,SEASHELLS,3921.0,3
25700,Caesar,Paris,UKULELE,SEASHELLS,21030.0,5
25700,Paris,Caesar,DIP,SEASHELLS,6999.0,6
25800,Paris,Caesar,DIP,SEASHELLS,6999.0,9
25900,Camilla,Paris,BERRIES,SEASHELLS,3917.0,2
25900,Paris,Caesar,UKULELE,SEASHELLS,21032.0,2
25900,Paris,Charlie,BANANAS,SEASHELLS,4871.0,2
25900,Paris,Caesar,PEARLS,SEASHELLS,10004.0,2
26100,Caesar,Paris,DIP,SEASHELLS,7001.0,9
26200,Paris,Charlie,PEARLS,SEASHELLS,10002.0,1
26300,Charlie,Paris,BANANAS,SEASHELLS,4865.0,1
26300,Pablo,Camilla,PEARLS,SEASHELLS,10002.0,4
26600,Charlie,Pablo,PEARLS,SEASHELLS,9998.0,4
26700,Paris,Charlie,BANANAS,SEASHELLS,4872.0,1
26700,Peter,Charlie,PINA_COLADAS,SEASHELLS,14959.0,5
26700,Paris,Caesar,BAGUETTE,SEASHELLS,12040.0,5
26800,Paris,Charlie,PEARLS,SEASHELLS,10002.0,1
27000,Caesar,Penelope,PICNIC_BASKET,SEASHELLS,73535.0,1
27100,Paris,Camilla,BANANAS,SEASHELLS,4871.0,1
27100,Charlie,Paris,PEARLS,SEASHELLS,9998.0,1
27200,Caesar,Paris,UKULELE,SEASHELLS,21038.0,5
27200,Paris,Charlie,BANANAS,SEASHELLS,4871.0,1
27300,Caesar,Paris,UKULELE,SEASHELLS,21035.0,1
27300,Charlie,Paris,BANANAS,SEASHELLS,4866.0,1
27400,Caesar,Gina,PEARLS,SEASHELLS,9998.0,6
27400,Charlie,Gina,PEARLS,SEASHELLS,9998.0,3
27500,Gary,Charlie,BANANAS,SEASHELLS,4873.0,19
27600,Paris,Camilla,BANANAS,SEASHELLS,4872.0,1
27800,Camilla,Pablo,PEARLS,SEASHELLS,9998.0,3
28100,Penelope,Charlie,PEARLS,SEASHELLS,10004.0,2
28100,Penelope,Caesar,PEARLS,SEASHELLS,10004.0,1
28200,Caesar,Caesar,COCONUTS,SEASHELLS,7990.0,46
28200,Caesar,Caesar,COCONUTS,SEASHELLS,7990.0,17
28400,Paris,Caesar,UKULELE,SEASHELLS,21032.0,1
28500,Charlie,Paris,BANANAS,SEASHELLS,4868.0,1
28500,Charlie,Gary,BANANAS,SEASHELLS,4868.0,18
28600,Charlie,Paris,BANANAS,SEASHELLS,4867.0,1
28600,Charlie,Penelope,BANANAS,SEASHELLS,4867.0,10
28700,Camilla,Paris,BANANAS,SEASHELLS,4868.0,1
29000,Paris,Charlie,PEARLS,SEASHELLS,10002.0,1
29000,Paris,Caesar,DIP,SEASHELLS,7007.0,7
29400,Caesar,Paris,BAGUETTE,SEASHELLS,12032.0,4
29400,Paris,Camilla,PEARLS,SEASHELLS,10002.0,1
29500,Camilla,Paris,BANANAS,SEASHELLS,4865.0,1
29800,Penelope,Charlie,PEARLS,SEASHELLS,10005.0,5
29900,Gary,Charlie,BANANAS,SEASHELLS,4872.0,19
30000,Penelope,Caesar,PICNIC_BASKET,SEASHELLS,73659.0,2
30200,Charlie,Paris,PEARLS,SEASHELLS,9998.0,1
30200,Charlie,Pablo,BANANAS,SEASHELLS,4867.0,2
30200,Caesar,Paris,DIP,SEASHELLS,6999.0,10
30500,Caesar,Camilla,DIP,SEASHELLS,6998.0,7
30600,Paris,Penelope,PEARLS,SEASHELLS,10002.0,1
30900,Caesar,Paris,UKULELE,SEASHELLS,21027.0,1
31000,Paris,Camilla,PEARLS,SEASHELLS,10002.0,1
31000,Paris,Camilla,BANANAS,SEASHELLS,4871.0,1
31100,Paris,Charlie,BANANAS,SEASHELLS,4871.0,1
31100,Peter,Caesar,PINA_COLADAS,SEASHELLS,14943.0,2
31100,Paris,Charlie,PEARLS,SEASHELLS,10002.0,1
31200,Charlie,Paris,BANANAS,SEASHELLS,4866.0,1
31200,Paris,Camilla,PEARLS,SEASHELLS,10002.0,1
31200,Gary,Camilla,PEARLS,SEASHELLS,10002.0,6
31200,Caesar,Paris,UKULELE,SEASHELLS,21020.0,1
31200,Charlie,Pablo,COCONUTS,SEASHELLS,7979.0,14
31300,Caesar,Paris,DIP,SEASHELLS,7001.0,4
31400,Pablo,Camilla,PEARLS,SEASHELLS,10002.0,3
31600,Charlie,Pablo,PEARLS,SEASHELLS,9998.0,3
31600,Paris,Pablo,PEARLS,SEASHELLS,9998.0,1
31700,Paris,Camilla,PEARLS,SEASHELLS,10002.0,1
31700,Charlie,Penelope,PEARLS,SEASHELLS,9995.0,3
31800,Caesar,Paris,UKULELE,SEASHELLS,21018.0,4
32000,Paris,Camilla,BERRIES,SEASHELLS,3929.0,3
32100,Camilla,Paris,BANANAS,SEASHELLS,4866.0,2
32100,Camilla,Paris,PEARLS,SEASHELLS,9998.0,2
32300,Charlie,Penelope,BANANAS,SEASHELLS,4866.0,4
32400,Camilla,Penelope,BANANAS,SEASHELLS,4867.0,2
32500,Paris,Charlie,PEARLS,SEASHELLS,10002.0,1
32500,Caesar,Camilla,DIP,SEASHELLS,7002.0,3
32500,Penelope,Camilla,BERRIES,SEASHELLS,3929.0,13
32700,Caesar,Paris,DIP,SEASHELLS,6999.0,4
32800,Camilla,Gary,BERRIES,SEASHELLS,3921.0,14
32800,Paris,Caesar,UKULELE,SEASHELLS,21010.0,4
32900,Caesar,Camilla,BAGUETTE,SEASHELLS,12046.0,7
33000,Charlie,Gary,BANANAS,SEASHELLS,4866.0,14
33000,Camilla,Gary,BANANAS,SEASHELLS,4866.0,2
33300,Caesar,Camilla,DIP,SEASHELLS,7002.0,4
33400,Paris,Charlie,DIVING_GEAR,SEASHELLS,98920.0,3
33400,Caesar,Paris,UKULELE,SEASHELLS,21012.0,4
33600,Charlie,Pablo,PEARLS,SEASHELLS,9998.0,2
33700,Camilla,Gary,BERRIES,SEASHELLS,3920.0,16
33800,Gary,Camilla,BANANAS,SEASHELLS,4871.0,4
33900,Gary,Charlie,PEARLS,SEASHELLS,10004.0,11
33900,Gary,Caesar,PEARLS,SEASHELLS,10004.0,1
34000,Paris,Charlie,BANANAS,SEASHELLS,4871.0,1
34000,Gary,Camilla,BERRIES,SEASHELLS,3926.0,20
34200,Paris,Camilla,PEARLS,SEASHELLS,10002.0,1
34300,Charlie,Paris,BANANAS,SEASHELLS,4865.0,1
34600,Paris,Camilla,DIVING_GEAR,SEASHELLS,98898.0,3
34800,Charlie,Pablo,BANANAS,SEASHELLS,4865.0,1
34800,Camilla,Pablo,BANANAS,SEASHELLS,4865.0,3
34800,Paris,Caesar,DIP,SEASHELLS,7004.0,8
34800,Caesar,Camilla,DIP,SEASHELLS,7002.0,11
34900,Caesar,Paris,BAGUETTE,SEASHELLS,12047.0,7
35100,Paris,Camilla,BERRIES,SEASHELLS,3924.0,3
35200,Caesar,Camilla,DIP,SEASHELLS,7001.0,7
35300,Caesar,Paris,BAGUETTE,SEASHELLS,12047.0,5
35400,Pablo,Penelope,PEARLS,SEASHELLS,10002.0,1
35600,Paris,Caesar,DIP,SEASHELLS,7002.0,6
35600,Charlie,Pablo,PINA_COLADAS,SEASHELLS,14956.0,11
35700,Caesar,Paris,UKULELE,SEASHELLS,20997.0,1
35700,Caesar,Paris,BAGUETTE,SEASHELLS,12048.0,8
36000,Caesar,Paris,UKULELE,SEASHELLS,21000.0,2
36000,Paris,Camilla,DIVING_GEAR,SEASHELLS,98923.0,3
36100,Paris,Caesar,DIP,SEASHELLS,7003.0,7
36300,Caesar,Camilla,DIP,SEASHELLS,7003.0,12
36400,Paris,Caesar,UKULELE,SEASHELLS,21002.0,1
36500,Charlie,Paris,BANANAS,SEASHELLS,4863.0,1
36600,Caesar,Paris,UKULELE,SEASHELLS,21008.0,5
36700,Pablo,Charlie,PEARLS,SEASHELLS,10002.0,1
36700,Paris,Caesar,DIP,SEASHELLS,7000.0,7
36700,Pablo,Paris,PEARLS,SEASHELLS,10002.0,1
36800,Charlie,Pablo,BANANAS,SEASHELLS,4865.0,2
37300,Caesar,Penelope,PEARLS,SEASHELLS,9996.0,1
37400,Pablo,Camilla,PICNIC_BASKET,SEASHELLS,73695.0,4
37600,Gary,Charlie,PEARLS,SEASHELLS,10004.0,9
37600,Paris,Charlie,BANANAS,SEASHELLS,4869.0,1
37600,Gary,Caesar,PEARLS,SEASHELLS,10004.0,1
37600,Paris,Caesar,UKULELE,SEASHELLS,21000.0,5
37800,Paris,Caesar,PEARLS,SEASHELLS,10004.0,2
37800,Paris,Charlie,BANANAS,SEASHELLS,4870.0,2
37900,Camilla,Paris,DIVING_GEAR,SEASHELLS,98914.0,1
38100,Paris,Caesar,BAGUETTE,SEASHELLS,12066.0,3
38400,Paris,Caesar,DIP,SEASHELLS,7001.0,6
38400,Caesar,Paris,UKULELE,SEASHELLS,20996.0,5
38600,Paris,Caesar,DIP,SEASHELLS,6999.0,7
38700,Caesar,Paris,BANANAS,SEASHELLS,4864.0,1
38700,Charlie,Peter,PINA_COLADAS,SEASHELLS,14954.0,5
38700,Paris,Caesar,UKULELE,SEASHELLS,21009.0,1
38700,Penelope,Caesar,PEARLS,SEASHELLS,10004.0,2
38900,Paris,Caesar,UKULELE,SEASHELLS,21007.0,5
39100,Paris,Caesar,BANANAS,SEASHELLS,4869.0,1
39100,Peter,Paris,BERRIES,SEASHELLS,3921.0,2
39100,Paris,Pablo,PEARLS,SEASHELLS,9998.0,1
39200,Charlie,Paris,BANANAS,SEASHELLS,4863.0,2
39200,Charlie,Paris,PEARLS,SEASHELLS,9995.0,2
39200,Camilla,Penelope,PICNIC_BASKET,SEASHELLS,73728.0,10
39700,Charlie,Paris,BANANAS,SEASHELLS,4862.0,1
39700,Penelope,Camilla,BERRIES,SEASHELLS,3925.0,11
40200,Caesar,Paris,DIP,SEASHELLS,7006.0,4
40200,Camilla,Paris,BERRIES,SEASHELLS,3916.0,2
40500,Caesar,Camilla,DIP,SEASHELLS,7004.0,5
40500,Penelope,Pablo,BANANAS,SEASHELLS,4863.0,5
40600,Paris,Charlie,PEARLS,SEASHELLS,10002.0,1
40700,Paris,Charlie,BANANAS,SEASHELLS,4866.0,1
40900,Paris,Caesar,UKULELE,SEASHELLS,21006.0,5
41000,Caesar,Camilla,DIP,SEASHELLS,7008.0,7
41100,Gina,Charlie,BANANAS,SEASHELLS,4865.0,7
41100,Caesar,Paris,DIP,SEASHELLS,7008.0,6
41200,Penelope,Camilla,PICNIC_BASKET,SEASHELLS,73763.0,10
41200,Caesar,Camilla,DIP,SEASHELLS,7008.0,10
41400,Charlie,Pablo,BANANAS,SEASHELLS,4862.0,5
41800,Charlie,Caesar,BANANAS,SEASHELLS,4864.0,4
41800,Caesar,Paris,BANANAS,SEASHELLS,4862.0,1
41900,Caesar,Paris,DIP,SEASHELLS,7001.0,5
42000,Charlie,Paris,PEARLS,SEASHELLS,9998.0,1
42200,Caesar,Paris,BAGUETTE,SEASHELLS,12089.0,6
42200,Gary,Charlie,BANANAS,SEASHELLS,4868.0,12
42300,Caesar,Paris,UKULELE,SEASHELLS,21004.0,3
42400,Caesar,Paris,BANANAS,SEASHELLS,4863.0,1
42400,Penelope,Caesar,PICNIC_BASKET,SEASHELLS,73722.0,2
42400,Caesar,Paris,PEARLS,SEASHELLS,9996.0,1
42500,Paris,Caesar,UKULELE,SEASHELLS,20999.0,3
42600,Caesar,Camilla,BAGUETTE,SEASHELLS,12080.0,4
42800,Camilla,Paris,BERRIES,SEASHELLS,3916.0,1
43000,Caesar,Caesar,COCONUTS,SEASHELLS,7977.0,19
43000,Caesar,Caesar,COCONUTS,SEASHELLS,7977.0,48
43100,Peter,Charlie,COCONUTS,SEASHELLS,7979.0,8
43100,Caesar,Paris,DIP,SEASHELLS,7002.0,6
43200,Caesar,Penelope,PEARLS,SEASHELLS,9996.0,2
43400,Caesar,Paris,BAGUETTE,SEASHELLS,12084.0,5
43400,Paris,Caesar,DIP,SEASHELLS,7004.0,6
43600,Pablo,Camilla,PEARLS,SEASHELLS,10002.0,2
43900,Pablo,Camilla,PEARLS,SEASHELLS,10002.0,4
43900,Pablo,Paris,PEARLS,SEASHELLS,10002.0,1
43900,Paris,Camilla,PEARLS,SEASHELLS,10002.0,2
43900,Paris,Paris,BANANAS,SEASHELLS,4864.0,1
44100,Penelope,Caesar,PICNIC_BASKET,SEASHELLS,73712.0,2
44300,Charlie,Pablo,PEARLS,SEASHELLS,9998.0,2
44300,Camilla,Paris,BERRIES,SEASHELLS,3917.0,9
44400,Camilla,Paris,BERRIES,SEASHELLS,3917.0,7
44400,Paris,Caesar,DIP,SEASHELLS,7001.0,4
44600,Pablo,Camilla,PICNIC_BASKET,SEASHELLS,73676.0,4
44600,Caesar,Caesar,PINA_COLADAS,SEASHELLS,14944.0,31
44600,Pablo,Caesar,PICNIC_BASKET,SEASHELLS,73676.0,1
44600,Caesar,Caesar,PINA_COLADAS,SEASHELLS,14944.0,3
44700,Paris,Camilla,BERRIES,SEASHELLS,3924.0,5
44700,Paris,Charlie,BANANAS,SEASHELLS,4869.0,1
44800,Caesar,Caesar,COCONUTS,SEASHELLS,7977.0,46
44800,Camilla,Penelope,PICNIC_BASKET,SEASHELLS,73675.0,8
45000,Caesar,Paris,BANANAS,SEASHELLS,4864.0,1
45000,Penelope,Camilla,BERRIES,SEASHELLS,3924.0,12
45100,Paris,Caesar,DIP,SEASHELLS,7001.0,8
45200,Paris,Charlie,PEARLS,SEASHELLS,10002.0,1
45200,Charlie,Paris,BANANAS,SEASHELLS,4864.0,1
45200,Charlie,Peter,PINA_COLADAS,SEASHELLS,14938.0,4
45300,Charlie,Paris,BANANAS,SEASHELLS,4864.0,1
45300,Penelope,Camilla,PICNIC_BASKET,SEASHELLS,73691.0,5
45400,Camilla,Penelope,BANANAS,SEASHELLS,4864.0,4
45400,Charlie,Penelope,BANANAS,SEASHELLS,4864.0,4
45500,Charlie,Pablo,PEARLS,SEASHELLS,9998.0,3
45800,Camilla,Gina,BANANAS,SEASHELLS,4865.0,7
45800,Paris,Caesar,BAGUETTE,SEASHELLS,12085.0,8
45900,Camilla,Paris,BANANAS,SEASHELLS,4865.0,1
46000,Gary,Paris,PEARLS,SEASHELLS,9998.0,1
46100,Caesar,Paris,BAGUETTE,SEASHELLS,12087.0,5
46300,Paris,Caesar,UKULELE,SEASHELLS,21002.0,3
46400,Charlie,Peter,COCONUTS,SEASHELLS,7971.0,8
46400,Paris,Charlie,BANANAS,SEASHELLS,4869.0,1
46500,Charlie,Paris,PEARLS,SEASHELLS,9998.0,1
46600,Paris,Charlie,BANANAS,SEASHELLS,4869.0,1
46600,Paris,Caesar,DIP,SEASHELLS,7003.0,10
46700,Paris,Caesar,UKULELE,SEASHELLS,21003.0,2
46900,Charlie,Penelope,BANANAS,SEASHELLS,4865.0,11
47000,Caesar,Paris,UKULELE,SEASHELLS,21009.0,1
47000,Caesar,Camilla,DIP,SEASHELLS,7002.0,11
47200,Paris,Charlie,BANANAS,SEASHELLS,4870.0,1
47200,Gary,Camilla,BERRIES,SEASHELLS,3922.0,19
47400,Camilla,Paris,PEARLS,SEASHELLS,9998.0,1
47700,Paris,Camilla,BERRIES,SEASHELLS,3922.0,6
47800,Caesar,Camilla,DIP,SEASHELLS,7000.0,10
47800,Paris,Caesar,BAGUETTE,SEASHELLS,12085.0,5
48000,Paris,Caesar,UKULELE,SEASHELLS,21013.0,3
48000,Pablo,Camilla,PEARLS,SEASHELLS,10002.0,1
48100,Peter,Charlie,COCONUTS,SEASHELLS,7975.0,8
48100,Paris,Caesar,DIP,SEASHELLS,6998.0,7
48200,Caesar,Paris,BANANAS,SEASHELLS,4864.0,1
48200,Charlie,Paris,DIVING_GEAR,SEASHELLS,98949.0,2
48300,Paris,Camilla,DIVING_GEAR,SEASHELLS,98963.0,3
48300,Paris,Charlie,BANANAS,SEASHELLS,4869.0,1
48400,Camilla,Paris,BERRIES,SEASHELLS,3915.0,2
48600,Camilla,Paris,DIVING_GEAR,SEASHELLS,98973.0,3
48700,Paris,Caesar,UKULELE,SEASHELLS,21009.0,1
48800,Paris,Caesar,DIP,SEASHELLS,6996.0,8
48900,Charlie,Paris,BANANAS,SEASHELLS,4865.0,1
49000,Penelope,Charlie,PEARLS,SEASHELLS,10004.0,1
49000,Caesar,Peter,PINA_COLADAS,SEASHELLS,14950.0,4
49000,Penelope,Caesar,PEARLS,SEASHELLS,10004.0,1
49400,Paris,Caesar,DIP,SEASHELLS,6996.0,8
49400,Caesar,Paris,BAGUETTE,SEASHELLS,12069.0,6
49600,Charlie,Camilla,DIVING_GEAR,SEASHELLS,98966.0,2
49800,Caesar,Peter,PINA_COLADAS,SEASHELLS,14944.0,3
49800,Charlie,Paris,BANANAS,SEASHELLS,4863.0,1
49800,Paris,Camilla,PEARLS,SEASHELLS,10002.0,1
49800,Paris,Camilla,BANANAS,SEASHELLS,4868.0,1
49900,Paris,Caesar,BAGUETTE,SEASHELLS,12075.0,5
50000,Pablo,Camilla,BANANAS,SEASHELLS,4868.0,2
50100,Pablo,Gary,PEARLS,SEASHELLS,10002.0,4
50200,Caesar,Camilla,UKULELE,SEASHELLS,20994.0,8
50400,Paris,Caesar,DIP,SEASHELLS,6995.0,9
50600,Paris,Penelope,BANANAS,SEASHELLS,4871.0,1
50600,Caesar,Paris,UKULELE,SEASHELLS,20994.0,5
50600,Paris,Caesar,BAGUETTE,SEASHELLS,12079.0,8
50700,Paris,Caesar,BAGUETTE,SEASHELLS,12083.0,5
50900,Camilla,Paris,BANANAS,SEASHELLS,4866.0,1
50900,Charlie,Peter,PINA_COLADAS,SEASHELLS,14942.0,5
51000,Paris,Caesar,DIP,SEASHELLS,6998.0,6
51200,Charlie,Camilla,DIVING_GEAR,SEASHELLS,99002.0,3
51500,Caesar,Camilla,DIP,SEASHELLS,6996.0,9
51500,Charlie,Paris,PEARLS,SEASHELLS,9995.0,2
51500,Charlie,Gary,BANANAS,SEASHELLS,4866.0,13
51500,Charlie,Paris,BANANAS,SEASHELLS,4866.0,2
51600,Paris,Camilla,DIVING_GEAR,SEASHELLS,98994.0,2
51600,Pablo,Caesar,PICNIC_BASKET,SEASHELLS,73642.0,2
52000,Camilla,Paris,PEARLS,SEASHELLS,9998.0,1
52100,Gary,Charlie,BANANAS,SEASHELLS,4873.0,18
52200,Charlie,Paris,DIVING_GEAR,SEASHELLS,98971.0,3
52200,Charlie,Paris,BANANAS,SEASHELLS,4866.0,1
52200,Paris,Camilla,PEARLS,SEASHELLS,10002.0,1
52400,Gina,Caesar,PEARLS,SEASHELLS,10002.0,4
52400,Gina,Charlie,PEARLS,SEASHELLS,10002.0,3
52400,Pablo,Gina,BERRIES,SEASHELLS,3916.0,9
52500,Caesar,Pablo,PINA_COLADAS,SEASHELLS,14953.0,14
52600,Gary,Caesar,PEARLS,SEASHELLS,10004.0,1
52700,Paris,Camilla,BANANAS,SEASHELLS,4872.0,1
52800,Caesar,Paris,DIP,SEASHELLS,6998.0,8
52800,Paris,Gina,BANANAS,SEASHELLS,4871.0,1
52800,Charlie,Gina,BANANAS,SEASHELLS,4867.0,8
53000,Paris,Caesar,UKULELE,SEASHELLS,20993.0,2
53100,Charlie,Pablo,PEARLS,SEASHELLS,9998.0,5
53100,Pablo,Caesar,PICNIC_BASKET,SEASHELLS,73689.0,2
53100,Pablo,Camilla,PICNIC_BASKET,SEASHELLS,73689.0,4
53600,Charlie,Gina,BANANAS,SEASHELLS,4869.0,10
53600,Camilla,Gina,BANANAS,SEASHELLS,4869.0,2
53600,Charlie,Camilla,DIVING_GEAR,SEASHELLS,99025.0,3
53600,Caesar,Camilla,DIP,SEASHELLS,6994.0,5
54000,Paris,Camilla,PEARLS,SEASHELLS,10002.0,1
54100,Paris,Charlie,PEARLS,SEASHELLS,10004.0,1
54100,Paris,Charlie,BANANAS,SEASHELLS,4875.0,1
54100,Paris,Caesar,BANANAS,SEASHELLS,4875.0,1
54100,Paris,Caesar,PEARLS,SEASHELLS,10004.0,1
54100,Charlie,Peter,COCONUTS,SEASHELLS,7978.0,6
54200,Charlie,Paris,BANANAS,SEASHELLS,4869.0,1
54300,Paris,Paris,PEARLS,SEASHELLS,10002.0,1
54300,Caesar,Paris,BANANAS,SEASHELLS,4869.0,2
54400,Caesar,Camilla,DIP,SEASHELLS,6992.0,3
54500,Caesar,Paris,UKULELE,SEASHELLS,20970.0,4
54600,Pablo,Charlie,PEARLS,SEASHELLS,10002.0,2
54700,Paris,Charlie,BANANAS,SEASHELLS,4875.0,1
54700,Caesar,Paris,UKULELE,SEASHELLS,20973.0,5
54700,Penelope,Caesar,PEARLS,SEASHELLS,10004.0,1
54700,Paris,Caesar,BANANAS,SEASHELLS,4875.0,1
54700,Paris,Charlie,PEARLS,SEASHELLS,10005.0,2
54700,Penelope,Charlie,PEARLS,SEASHELLS,10004.0,4
54800,Paris,Caesar,UKULELE,SEASHELLS,20974.0,1
54900,Paris,Charlie,BANANAS,SEASHELLS,4874.0,1
55200,Camilla,Paris,BANANAS,SEASHELLS,4869.0,1
55200,Penelope,Caesar,PICNIC_BASKET,SEASHELLS,73612.0,1
55300,Penelope,Camilla,PEARLS,SEASHELLS,10002.0,5
55300,Paris,Camilla,BANANAS,SEASHELLS,4875.0,1
55300,Caesar,Paris,UKULELE,SEASHELLS,20980.0,4
55300,Penelope,Charlie,PEARLS,SEASHELLS,10002.0,3
55400,Penelope,Caesar,PICNIC_BASKET,SEASHELLS,73601.0,1
55400,Camilla,Penelope,PEARLS,SEASHELLS,9998.0,6
55400,Charlie,Camilla,DIVING_GEAR,SEASHELLS,98988.0,3
55400,Paris,Charlie,DIVING_GEAR,SEASHELLS,98991.0,3
55500,Paris,Caesar,BAGUETTE,SEASHELLS,12092.0,6
55500,Pablo,Caesar,PICNIC_BASKET,SEASHELLS,73586.0,2
55500,Pablo,Caesar,PICNIC_BASKET,SEASHELLS,73592.0,1
55700,Caesar,Paris,UKULELE,SEASHELLS,20984.0,1
55900,Caesar,Paris,DIP,SEASHELLS,6990.0,9
55900,Charlie,Caesar,BANANAS,SEASHELLS,4872.0,1
55900,Caesar,Pablo,PEARLS,SEASHELLS,9998.0,4
56100,Gary,Camilla,BERRIES,SEASHELLS,3919.0,10
56400,Charlie,Penelope,BANANAS,SEASHELLS,4870.0,4
56500,Penelope,Camilla,PEARLS,SEASHELLS,10002.0,6
56700,Caesar,Paris,BAGUETTE,SEASHELLS,12112.0,4
56700,Caesar,Paris,DIP,SEASHELLS,6991.0,10
56700,Camilla,Paris,PEARLS,SEASHELLS,9998.0,1
57100,Paris,Charlie,BANANAS,SEASHELLS,4874.0,1
57100,Camilla,Paris,PEARLS,SEASHELLS,9998.0,1
57200,Caesar,Paris,BAGUETTE,SEASHELLS,12111.0,3
57200,Charlie,Pablo,BANANAS,SEASHELLS,4871.0,5
57300,Caesar,Paris,DIP,SEASHELLS,6990.0,10
57500,Paris,Caesar,UKULELE,SEASHELLS,20988.0,1
57500,Camilla,Paris,BERRIES,SEASHELLS,3912.0,10
57600,Caesar,Paris,UKULELE,SEASHELLS,20988.0,3
57600,Caesar,Paris,PEARLS,SEASHELLS,9998.0,1
57700,Caesar,Camilla,DIP,SEASHELLS,6991.0,11
57800,Caesar,Penelope,PICNIC_BASKET,SEASHELLS,73599.0,2
57900,Paris,Camilla,DIVING_GEAR,SEASHELLS,99012.0,1
58100,Caesar,Paris,UKULELE,SEASHELLS,20985.0,4
58100,Penelope,Charlie,PEARLS,SEASHELLS,10005.0,7
58300,Paris,Camilla,BERRIES,SEASHELLS,3919.0,3
58400,Camilla,Penelope,PICNIC_BASKET,SEASHELLS,73560.0,8
58500,Caesar,Paris,BAGUETTE,SEASHELLS,12116.0,3
58500,Camilla,Penelope,BANANAS,SEASHELLS,4870.0,3
58500,Caesar,Camilla,DIP,SEASHELLS,6988.0,11
58600,Caesar,Paris,PEARLS,SEASHELLS,9996.0,1
58600,Caesar,Paris,BANANAS,SEASHELLS,4870.0,1
58800,Paris,Charlie,BANANAS,SEASHELLS,4876.0,2
58800,Caesar,Peter,COCONUTS,SEASHELLS,7973.0,5
58800,Paris,Charlie,PEARLS,SEASHELLS,10004.0,1
58800,Paris,Caesar,PEARLS,SEASHELLS,10004.0,1
58900,Paris,Charlie,BANANAS,SEASHELLS,4875.0,1
58900,Paris,Caesar,BANANAS,SEASHELLS,4876.0,2
58900,Paris,Caesar,PEARLS,SEASHELLS,10004.0,2
58900,Paris,Caesar,DIP,SEASHELLS,6992.0,8
59000,Pablo,Caesar,PICNIC_BASKET,SEASHELLS,73532.0,1
59000,Pablo,Camilla,PICNIC_BASKET,SEASHELLS,73532.0,5
59100,Paris,Caesar,DIP,SEASHELLS,6992.0,7
59100,Paris,Camilla,BERRIES,SEASHELLS,3918.0,3
59100,Camilla,Pablo,PEARLS,SEASHELLS,9998.0,1
59300,Paris,Caesar,BAGUETTE,SEASHELLS,12108.0,7
59400,Paris,Gary,PEARLS,SEASHELLS,10002.0,1
59500,Caesar,Paris,BAGUETTE,SEASHELLS,12109.0,3
59600,Paris,Charlie,PEARLS,SEASHELLS,10002.0,1
59600,Paris,Caesar,UKULELE,SEASHELLS,20976.0,2
59800,Camilla,Gary,BANANAS,SEASHELLS,4871.0,9
59800,Charlie,Gary,BANANAS,SEASHELLS,4871.0,9
59900,Charlie,Paris,BANANAS,SEASHELLS,4871.0,2
59900,Caesar,Paris,PEARLS,SEASHELLS,9996.0,2
60000,Gina,Camilla,BANANAS,SEASHELLS,4876.0,10
60000,Caesar,Paris,UKULELE,SEASHELLS,20973.0,4
60000,Charlie,Pablo,PEARLS,SEASHELLS,9998.0,3
60000,Gina,Charlie,BANANAS,SEASHELLS,4876.0,1
60100,Caesar,Paris,UKULELE,SEASHELLS,20974.0,4
60200,Paris,Camilla,DIVING_GEAR,SEASHELLS,99003.0,1
60200,Penelope,Caesar,PICNIC_BASKET,SEASHELLS,73479.0,1
60300,Paris,Caesar,UKULELE,SEASHELLS,20972.0,3
60300,Camilla,Gary,BANANAS,SEASHELLS,4872.0,3
60300,Charlie,Gary,BANANAS,SEASHELLS,4872.0,14
60400,Caesar,Paris,BAGUETTE,SEASHELLS,12110.0,8
60400,Caesar,Camilla,DIP,SEASHELLS,6991.0,4
60400,Caesar,Penelope,PEARLS,SEASHELLS,9996.0,2
60400,Charlie,Pablo,PEARLS,SEASHELLS,9998.0,1
60400,Charlie,Penelope,PEARLS,SEASHELLS,9996.0,5
60600,Charlie,Paris,BANANAS,SEASHELLS,4872.0,1
60600,Caesar,Gary,PEARLS,SEASHELLS,9996.0,1
60600,Penelope,Camilla,BERRIES,SEASHELLS,3918.0,11
60700,Camilla,Paris,BANANAS,SEASHELLS,4872.0,1
60700,Paris,Camilla,DIVING_GEAR,SEASHELLS,99024.0,3
60800,Paris,Charlie,BANANAS,SEASHELLS,4878.0,1
61000,Charlie,Paris,PEARLS,SEASHELLS,9998.0,1
61100,Caesar,Paris,DIP,SEASHELLS,6991.0,10
61100,Charlie,Pablo,BANANAS,SEASHELLS,4874.0,4
61200,Paris,Caesar,BAGUETTE,SEASHELLS,12102.0,6
61200,Camilla,Paris,BANANAS,SEASHELLS,4874.0,1
61400,Camilla,Charlie,DIVING_GEAR,SEASHELLS,99028.0,1
61400,Paris,Caesar,UKULELE,SEASHELLS,20971.0,3
61500,Paris,Charlie,BANANAS,SEASHELLS,4878.0,1
61900,Caesar,Paris,BAGUETTE,SEASHELLS,12101.0,3
62000,Camilla,Pablo,PICNIC_BASKET,SEASHELLS,73513.0,3
62100,Penelope,Peter,BERRIES,SEASHELLS,3910.0,5
62300,Camilla,Pablo,PICNIC_BASKET,SEASHELLS,73456.0,7
62600,Gina,Charlie,BANANAS,SEASHELLS,4879.0,12
62700,Penelope,Camilla,BERRIES,SEASHELLS,3913.0,13
62700,Camilla,Pablo,PEARLS,SEASHELLS,9998.0,1
62700,Caesar,Paris,UKULELE,SEASHELLS,20960.0,5
62800,Charlie,Gary,PEARLS,SEASHELLS,9995.0,12
63000,Charlie,Penelope,BANANAS,SEASHELLS,4875.0,9
63000,Paris,Caesar,UKULELE,SEASHELLS,20967.0,2
63100,Charlie,Paris,PEARLS,SEASHELLS,9998.0,1
63100,Caesar,Pablo,PINA_COLADAS,SEASHELLS,14962.0,13
63200,Caesar,Paris,DIP,SEASHELLS,6993.0,9
63300,Paris,Caesar,BAGUETTE,SEASHELLS,12098.0,4
63300,Pablo,Paris,PEARLS,SEASHELLS,10002.0,1
63300,Pablo,Charlie,PEARLS,SEASHELLS,10002.0,4
63300,Paris,Charlie,BANANAS,SEASHELLS,4880.0,1
63400,Paris,Caesar,BAGUETTE,SEASHELLS,12094.0,4
63600,Paris,Charlie,BANANAS,SEASHELLS,4880.0,1
63600,Paris,Caesar,UKULELE,SEASHELLS,20960.0,3
63800,Peter,Penelope,BERRIES,SEASHELLS,3910.0,2
63800,Caesar,Camilla,DIP,SEASHELLS,6991.0,12
63900,Paris,Caesar,BAGUETTE,SEASHELLS,12099.0,5
64100,Caesar,Paris,DIP,SEASHELLS,6993.0,7
64300,Caesar,Paris,DIP,SEASHELLS,6992.0,8
64300,Paris,Camilla,DIVING_GEAR,SEASHELLS,99039.0,2
64600,Caesar,Gary,PEARLS,SEASHELLS,9996.0,2
64700,Caesar,Paris,DIP,SEASHELLS,6990.0,8
64900,Charlie,Pablo,PEARLS,SEASHELLS,9998.0,4
65000,Paris,Camilla,BANANAS,SEASHELLS,4880.0,1
65000,Paris,Caesar,DIP,SEASHELLS,6992.0,7
65200,Charlie,Paris,BANANAS,SEASHELLS,4874.0,1
65200,Caesar,Camilla,DIP,SEASHELLS,6994.0,12
65300,Caesar,Paris,UKULELE,SEASHELLS,20957.0,1
65400,Paris,Camilla,DIVING_GEAR,SEASHELLS,99057.0,2
65400,Paris,Charlie,BANANAS,SEASHELLS,4880.0,1
65600,Caesar,Camilla,BAGUETTE,SEASHELLS,12088.0,5
65700,Penelope,Charlie,BANANAS,SEASHELLS,4882.0,5
65700,Charlie,Paris,BANANAS,SEASHELLS,4875.0,1
65800,Pablo,Paris,PEARLS,SEASHELLS,10002.0,1
65900,Paris,Caesar,UKULELE,SEASHELLS,20966.0,1
65900,Paris,Caesar,BAGUETTE,SEASHELLS,12090.0,5
66000,Charlie,Pablo,COCONUTS,SEASHELLS,7971.0,16
66000,Paris,Caesar,BAGUETTE,SEASHELLS,12092.0,5
66100,Paris,Caesar,PEARLS,SEASHELLS,10004.0,2
66100,Paris,Caesar,BANANAS,SEASHELLS,4881.0,2
66200,Paris,Charlie,PEARLS,SEASHELLS,10002.0,1
66300,Gina,Camilla,BANANAS,SEASHELLS,4879.0,5
66600,Gary,Camilla,BERRIES,SEASHELLS,3917.0,18
66600,Pablo,Penelope,PEARLS,SEASHELLS,10002.0,2
66700,Pablo,Charlie,BANANAS,SEASHELLS,4877.0,2
66800,Camilla,Camilla,DIVING_GEAR,SEASHELLS,99019.0,2
67300,Charlie,Gina,BANANAS,SEASHELLS,4873.0,8
67300,Caesar,Gina,BANANAS,SEASHELLS,4873.0,1
67400,Charlie,Penelope,PEARLS,SEASHELLS,9996.0,4
67400,Caesar,Penelope,PEARLS,SEASHELLS,9996.0,1
67600,Caesar,Camilla,BAGUETTE,SEASHELLS,12100.0,9
67800,Charlie,Gary,BANANAS,SEASHELLS,4872.0,16
67800,Charlie,Penelope,PEARLS,SEASHELLS,9996.0,3
67800,Caesar,Penelope,PEARLS,SEASHELLS,9996.0,2
67900,Charlie,Paris,DIVING_GEAR,SEASHELLS,99004.0,1
67900,Paris,Caesar,BAGUETTE,SEASHELLS,12102.0,3
68000,Paris,Camilla,BANANAS,SEASHELLS,4878.0,1
68000,Paris,Camilla,PEARLS,SEASHELLS,10002.0,1
68000,Caesar,Paris,UKULELE,SEASHELLS,20963.0,1
68000,Camilla,Penelope,BERRIES,SEASHELLS,3910.0,14
68200,Charlie,Pablo,BANANAS,SEASHELLS,4875.0,2
68200,Gary,Charlie,BERRIES,SEASHELLS,3916.0,27
68200,Charlie,Paris,PEARLS,SEASHELLS,9998.0,1
68300,Charlie,Gina,BANANAS,SEASHELLS,4874.0,8
68400,Paris,Charlie,PEARLS,SEASHELLS,10002.0,1
68500,Paris,Caesar,PEARLS,SEASHELLS,10004.0,1
68500,Paris,Charlie,BANANAS,SEASHELLS,4879.0,1
68600,Charlie,Paris,PEARLS,SEASHELLS,9998.0,1
68600,Camilla,Pablo,PICNIC_BASKET,SEASHELLS,73489.0,5
68900,Pablo,Charlie,BANANAS,SEASHELLS,4878.0,4
69100,Caesar,Paris,PEARLS,SEASHELLS,9996.0,1
69100,Charlie,Paris,DIVING_GEAR,SEASHELLS,99020.0,1
69100,Charlie,Paris,BANANAS,SEASHELLS,4874.0,1
69300,Caesar,Paris,UKULELE,SEASHELLS,20961.0,5
69300,Charlie,Camilla,DIVING_GEAR,SEASHELLS,99027.0,1
69500,Paris,Caesar,BAGUETTE,SEASHELLS,12098.0,5
69700,Caesar,Penelope,PICNIC_BASKET,SEASHELLS,73526.0,2
69800,Caesar,Paris,BAGUETTE,SEASHELLS,12100.0,6
69900,Paris,Charlie,PEARLS,SEASHELLS,10002.0,1
70100,Caesar,Camilla,DIP,SEASHELLS,7005.0,4
70100,Paris,Caesar,DIP,SEASHELLS,7006.0,4
70100,Charlie,Paris,BANANAS,SEASHELLS,4874.0,1
70200,Caesar,Caesar,COCONUTS,SEASHELLS,7968.0,56
70200,Caesar,Paris,UKULELE,SEASHELLS,20966.0,1
70300,Paris,Caesar,BANANAS,SEASHELLS,4880.0,1
70300,Peter,Charlie,COCONUTS,SEASHELLS,7970.0,7
70300,Paris,Caesar,PEARLS,SEASHELLS,10004.0,1
70400,Caesar,Camilla,DIP,SEASHELLS,7009.0,5
70400,Penelope,Caesar,PICNIC_BASKET,SEASHELLS,73612.0,2
70500,Caesar,Paris,BAGUETTE,SEASHELLS,12113.0,4
70700,Paris,Charlie,PEARLS,SEASHELLS,10005.0,1
70700,Paris,Charlie,BANANAS,SEASHELLS,4881.0,1
70900,Charlie,Paris,BANANAS,SEASHELLS,4874.0,1
70900,Caesar,Camilla,DIP,SEASHELLS,7006.0,9
70900,Caesar,Paris,UKULELE,SEASHELLS,20962.0,4
71000,Pablo,Caesar,PICNIC_BASKET,SEASHELLS,73596.0,2
71000,Camilla,Gina,PEARLS,SEASHELLS,9998.0,8
71000,Paris,Caesar,BANANAS,SEASHELLS,4879.0,1
71000,Caesar,Camilla,BAGUETTE,SEASHELLS,12113.0,8
71100,Paris,Caesar,DIP,SEASHELLS,7006.0,9
71100,Camilla,Gary,PEARLS,SEASHELLS,9998.0,4
71200,Charlie,Paris,PEARLS,SEASHELLS,9998.0,1
71200,Paris,Caesar,DIP,SEASHELLS,7009.0,9
71400,Pablo,Penelope,PEARLS,SEASHELLS,10002.0,2
71400,Paris,Caesar,BAGUETTE,SEASHELLS,12122.0,3
71600,Camilla,Penelope,BANANAS,SEASHELLS,4874.0,3
71700,Charlie,Camilla,DIVING_GEAR,SEASHELLS,99040.0,2
71700,Charlie,Paris,BANANAS,SEASHELLS,4873.0,1
71700,Charlie,Paris,PEARLS,SEASHELLS,9998.0,1
71700,Caesar,Paris,PEARLS,SEASHELLS,9996.0,1
71800,Camilla,Gary,BERRIES,SEASHELLS,3904.0,12
71900,Charlie,Pablo,BANANAS,SEASHELLS,4875.0,1
72100,Charlie,Paris,PEARLS,SEASHELLS,9998.0,1
72200,Charlie,Paris,PEARLS,SEASHELLS,9998.0,1
72600,Pablo,Charlie,BANANAS,SEASHELLS,4880.0,4
72600,Camilla,Pablo,PICNIC_BASKET,SEASHELLS,73531.0,4
72900,Paris,Caesar,DIP,SEASHELLS,7012.0,5
73100,Paris,Caesar,BAGUETTE,SEASHELLS,12104.0,4
73100,Caesar,Camilla,DIP,SEASHELLS,7012.0,4
73100,Pablo,Caesar,COCONUTS,SEASHELLS,7967.0,27
73200,Paris,Caesar,BAGUETTE,SEASHELLS,12106.0,6
73300,Camilla,Paris,BERRIES,SEASHELLS,3904.0,7
73400,Paris,Camilla,PEARLS,SEASHELLS,10002.0,1
73500,Paris,Charlie,DIVING_GEAR,SEASHELLS,99022.0,2
73600,Charlie,Paris,BANANAS,SEASHELLS,4877.0,2
73600,Charlie,Paris,PEARLS,SEASHELLS,9995.0,2
73700,Pablo,Charlie,PEARLS,SEASHELLS,10002.0,4
73700,Caesar,Camilla,DIP,SEASHELLS,7018.0,8
73800,Gary,Charlie,BANANAS,SEASHELLS,4884.0,16
73900,Paris,Charlie,PEARLS,SEASHELLS,10005.0,2
73900,Paris,Caesar,BAGUETTE,SEASHELLS,12104.0,5
73900,Paris,Charlie,BANANAS,SEASHELLS,4884.0,2
74000,Charlie,Pablo,BANANAS,SEASHELLS,4878.0,2
74000,Caesar,Paris,PEARLS,SEASHELLS,9998.0,1
74100,Camilla,Penelope,BANANAS,SEASHELLS,4878.0,5
74100,Paris,Caesar,BAGUETTE,SEASHELLS,12101.0,7
74200,Paris,Charlie,BANANAS,SEASHELLS,4882.0,1
74200,Paris,Camilla,PEARLS,SEASHELLS,10002.0,1
74200,Paris,Charlie,PEARLS,SEASHELLS,10002.0,1
74200,Paris,Camilla,BANANAS,SEASHELLS,4882.0,1
74300,Camilla,Paris,PEARLS,SEASHELLS,9998.0,1
74300,Paris,Caesar,BANANAS,SEASHELLS,4883.0,1
74300,Paris,Caesar,PEARLS,SEASHELLS,10004.0,1
74500,Pablo,Charlie,BANANAS,SEASHELLS,4882.0,1
74500,Paris,Charlie,BANANAS,SEASHELLS,4883.0,1
74600,Charlie,Pablo,PEARLS,SEASHELLS,9998.0,2
74600,Paris,Caesar,UKULELE,SEASHELLS,20964.0,4
74700,Gary,Peter,BERRIES,SEASHELLS,3907.0,3
75000,Caesar,Caesar,COCONUTS,SEASHELLS,7962.0,79
75000,Caesar,Caesar,COCONUTS,SEASHELLS,7962.0,1
75000,Charlie,Paris,BANANAS,SEASHELLS,4877.0,1
75000,Charlie,Pablo,PEARLS,SEASHELLS,9998.0,4
75000,Caesar,Paris,PEARLS,SEASHELLS,9996.0,1
75100,Paris,Caesar,UKULELE,SEASHELLS,20956.0,2
75200,Caesar,Camilla,BAGUETTE,SEASHELLS,12101.0,6
75300,Paris,Caesar,BAGUETTE,SEASHELLS,12103.0,4
75300,Camilla,Paris,DIVING_GEAR,SEASHELLS,99052.0,3
75500,Caesar,Paris,BANANAS,SEASHELLS,4877.0,1
75500,Caesar,Paris,PEARLS,SEASHELLS,9996.0,1
75500,Caesar,Paris,DIP,SEASHELLS,7016.0,4
75600,Caesar,Paris,UKULELE,SEASHELLS,20957.0,5
75700,Paris,Charlie,BANANAS,SEASHELLS,4883.0,2
75700,Paris,Caesar,PEARLS,SEASHELLS,10004.0,2
75700,Penelope,Charlie,BANANAS,SEASHELLS,4883.0,7
75800,Charlie,Penelope,BANANAS,SEASHELLS,4876.0,3
75800,Paris,Camilla,BANANAS,SEASHELLS,4882.0,1
75900,Charlie,Pablo,BANANAS,SEASHELLS,4878.0,3
76000,Pablo,Camilla,PICNIC_BASKET,SEASHELLS,73538.0,4
76000,Pablo,Caesar,PICNIC_BASKET,SEASHELLS,73538.0,1
76500,Charlie,Penelope,BANANAS,SEASHELLS,4877.0,12
76600,Penelope,Charlie,BANANAS,SEASHELLS,4884.0,2
76700,Camilla,Paris,PEARLS,SEASHELLS,9998.0,2
76700,Caesar,Paris,BANANAS,SEASHELLS,4878.0,1
76700,Camilla,Camilla,DIVING_GEAR,SEASHELLS,99061.0,3
76700,Caesar,Paris,BANANAS,SEASHELLS,4880.0,2
76800,Caesar,Caesar,COCONUTS,SEASHELLS,7964.0,47
76900,Camilla,Paris,BANANAS,SEASHELLS,4877.0,1
76900,Pablo,Camilla,PICNIC_BASKET,SEASHELLS,73503.0,6
76900,Paris,Camilla,BERRIES,SEASHELLS,3906.0,9
77100,Charlie,Camilla,DIVING_GEAR,SEASHELLS,99050.0,2
77300,Camilla,Paris,BANANAS,SEASHELLS,4878.0,1
77500,Paris,Caesar,DIP,SEASHELLS,7009.0,8
77600,Paris,Caesar,UKULELE,SEASHELLS,20997.0,2
77800,Caesar,Pablo,COCONUTS,SEASHELLS,7958.0,26
77900,Paris,Camilla,BANANAS,SEASHELLS,4885.0,1
78200,Paris,Charlie,PEARLS,SEASHELLS,10002.0,1
78200,Paris,Charlie,BANANAS,SEASHELLS,4886.0,1
78300,Charlie,Paris,DIVING_GEAR,SEASHELLS,99067.0,1
78300,Paris,Caesar,UKULELE,SEASHELLS,20988.0,5
78400,Caesar,Peter,COCONUTS,SEASHELLS,7957.0,5
78500,Penelope,Charlie,PEARLS,SEASHELLS,10004.0,1
78500,Penelope,Caesar,PEARLS,SEASHELLS,10004.0,2
78600,Paris,Caesar,DIP,SEASHELLS,7016.0,7
78700,Caesar,Paris,BAGUETTE,SEASHELLS,12086.0,4
78700,Charlie,Penelope,PEARLS,SEASHELLS,9996.0,5
78700,Caesar,Penelope,PEARLS,SEASHELLS,9996.0,1
78800,Pablo,Charlie,BANANAS,SEASHELLS,4884.0,3
78900,Caesar,Camilla,BAGUETTE,SEASHELLS,12089.0,4
79000,Paris,Caesar,UKULELE,SEASHELLS,20989.0,5
79000,Penelope,Caesar,PICNIC_BASKET,SEASHELLS,73529.0,1
79100,Paris,Caesar,UKULELE,SEASHELLS,20992.0,4
79200,Penelope,Camilla,PEARLS,SEASHELLS,10002.0,3
79300,Paris,Charlie,DIVING_GEAR,SEASHELLS,99049.0,1
79300,Paris,Caesar,DIP,SEASHELLS,7015.0,10
79400,Charlie,Gary,BANANAS,SEASHELLS,4879.0,19
79400,Paris,Charlie,PEARLS,SEASHELLS,10005.0,1
79400,Pablo,Caesar,PICNIC_BASKET,SEASHELLS,73546.0,6
79400,Paris,Charlie,BANANAS,SEASHELLS,4886.0,1
79500,Charlie,Paris,BANANAS,SEASHELLS,4880.0,1
79500,Penelope,Caesar,PEARLS,SEASHELLS,10004.0,2
79500,Charlie,Paris,BERRIES,SEASHELLS,3901.0,8
79700,Charlie,Pablo,BANANAS,SEASHELLS,4880.0,4
80000,Caesar,Paris,UKULELE,SEASHELLS,20982.0,2
80000,Charlie,Paris,BANANAS,SEASHELLS,4879.0,1
80100,Caesar,Paris,PEARLS,SEASHELLS,9996.0,1
80100,Charlie,Paris,BANANAS,SEASHELLS,4879.0,1
80200,Caesar,Paris,DIP,SEASHELLS,7017.0,7
80500,Paris,Caesar,BANANAS,SEASHELLS,4884.0,1
80500,Paris,Paris,PEARLS,SEASHELLS,9998.0,1
80700,Penelope,Caesar,PICNIC_BASKET,SEASHELLS,73480.0,2
80900,Paris,Charlie,DIVING_GEAR,SEASHELLS,99069.0,1
81200,Paris,Camilla,PEARLS,SEASHELLS,10002.0,2
81200,Paris,Caesar,UKULELE,SEASHELLS,20994.0,2
81200,Paris,Camilla,BANANAS,SEASHELLS,4883.0,2
81300,Paris,Caesar,PEARLS,SEASHELLS,10004.0,2
81300,Paris,Charlie,BANANAS,SEASHELLS,4883.0,1
81300,Paris,Charlie,BANANAS,SEASHELLS,4884.0,2
81300,Paris,Charlie,PEARLS,SEASHELLS,10002.0,1
81300,Paris,Caesar,DIP,SEASHELLS,7019.0,8
81500,Camilla,Paris,PEARLS,SEASHELLS,9998.0,1
81500,Caesar,Paris,DIP,SEASHELLS,7018.0,4
81600,Pablo,Charlie,PEARLS,SEASHELLS,10002.0,1
81800,Caesar,Paris,DIP,SEASHELLS,7018.0,4
82000,Paris,Camilla,PEARLS,SEASHELLS,10002.0,1
82100,Camilla,Pablo,PEARLS,SEASHELLS,9998.0,4
82200,Charlie,Gary,BANANAS,SEASHELLS,4879.0,20
82300,Gary,Caesar,PEARLS,SEASHELLS,10004.0,2
82300,Caesar,Penelope,PICNIC_BASKET,SEASHELLS,73454.0,2
82300,Gary,Charlie,PEARLS,SEASHELLS,10004.0,7
82400,Paris,Caesar,UKULELE,SEASHELLS,20995.0,1
82400,Charlie,Gary,BANANAS,SEASHELLS,4879.0,14
82500,Charlie,Pablo,PEARLS,SEASHELLS,9998.0,3
82500,Camilla,Paris,DIVING_GEAR,SEASHELLS,99078.0,2
82500,Camilla,Camilla,DIVING_GEAR,SEASHELLS,99080.0,1
82800,Pablo,Charlie,BANANAS,SEASHELLS,4884.0,4
82900,Gary,Charlie,BANANAS,SEASHELLS,4886.0,16
83000,Paris,Caesar,BAGUETTE,SEASHELLS,12097.0,6
83100,Charlie,Pablo,PEARLS,SEASHELLS,9998.0,5
83200,Caesar,Paris,BAGUETTE,SEASHELLS,12098.0,3
83300,Paris,Caesar,DIP,SEASHELLS,7024.0,6
83500,Caesar,Camilla,UKULELE,SEASHELLS,20971.0,10
83600,Camilla,Paris,PEARLS,SEASHELLS,9998.0,1
83600,Charlie,Paris,PEARLS,SEASHELLS,9998.0,1
83600,Charlie,Paris,BANANAS,SEASHELLS,4883.0,1
83600,Camilla,Paris,BANANAS,SEASHELLS,4883.0,1
83800,Charlie,Gary,PEARLS,SEASHELLS,9995.0,11
83800,Gary,Camilla,BERRIES,SEASHELLS,3908.0,11
83800,Charlie,Pablo,PEARLS,SEASHELLS,9998.0,2
84000,Caesar,Camilla,BAGUETTE,SEASHELLS,12108.0,7
84000,Caesar,Paris,BANANAS,SEASHELLS,4883.0,1
84700,Pablo,Paris,PEARLS,SEASHELLS,10002.0,1
84700,Pablo,Camilla,PEARLS,SEASHELLS,10002.0,2
84800,Gary,Camilla,BERRIES,SEASHELLS,3907.0,18
84800,Paris,Caesar,BAGUETTE,SEASHELLS,12105.0,6
84900,Gary,Camilla,BANANAS,SEASHELLS,4886.0,5
85100,Caesar,Gary,PEARLS,SEASHELLS,9996.0,1
85300,Paris,Charlie,DIVING_GEAR,SEASHELLS,99018.0,2
85500,Paris,Caesar,DIP,SEASHELLS,7028.0,8
85500,Charlie,Paris,DIVING_GEAR,SEASHELLS,99025.0,3
85500,Paris,Gina,BANANAS,SEASHELLS,4886.0,1
85900,Paris,Caesar,BAGUETTE,SEASHELLS,12113.0,3
85900,Paris,Gina,PEARLS,SEASHELLS,10002.0,1
85900,Gary,Gina,PEARLS,SEASHELLS,9998.0,8
86000,Charlie,Paris,BANANAS,SEASHELLS,4882.0,1
86000,Caesar,Paris,BAGUETTE,SEASHELLS,12111.0,7
86100,Charlie,Paris,BANANAS,SEASHELLS,4882.0,1
86100,Caesar,Peter,PINA_COLADAS,SEASHELLS,14954.0,2
86100,Penelope,Camilla,BERRIES,SEASHELLS,3908.0,12
86200,Pablo,Paris,BANANAS,SEASHELLS,4885.0,1
86200,Pablo,Charlie,BANANAS,SEASHELLS,4885.0,3
86500,Paris,Caesar,UKULELE,SEASHELLS,20949.0,3
86600,Caesar,Paris,DIP,SEASHELLS,7030.0,9
86600,Charlie,Paris,BANANAS,SEASHELLS,4882.0,1
86600,Paris,Gina,PEARLS,SEASHELLS,10002.0,1
86700,Paris,Caesar,DIP,SEASHELLS,7031.0,7
86700,Charlie,Paris,BANANAS,SEASHELLS,4882.0,1
86900,Caesar,Peter,PINA_COLADAS,SEASHELLS,14952.0,5
87000,Caesar,Paris,PEARLS,SEASHELLS,9996.0,1
87000,Charlie,Paris,BANANAS,SEASHELLS,4882.0,1
87100,Charlie,Camilla,DIVING_GEAR,SEASHELLS,99026.0,3
87100,Paris,Caesar,BAGUETTE,SEASHELLS,12119.0,6
87200,Charlie,Pablo,COCONUTS,SEASHELLS,7969.0,18
87300,Charlie,Penelope,PEARLS,SEASHELLS,9996.0,5
87300,Caesar,Penelope,PEARLS,SEASHELLS,9996.0,2
87400,Charlie,Paris,BANANAS,SEASHELLS,4883.0,1
87600,Paris,Charlie,BANANAS,SEASHELLS,4889.0,1
87700,Paris,Caesar,UKULELE,SEASHELLS,20949.0,2
87700,Charlie,Pablo,BANANAS,SEASHELLS,4885.0,5
87800,Charlie,Pablo,PEARLS,SEASHELLS,9998.0,1
87900,Paris,Penelope,BANANAS,SEASHELLS,4889.0,1
88000,Caesar,Paris,BAGUETTE,SEASHELLS,12112.0,5
88000,Pablo,Penelope,PEARLS,SEASHELLS,10002.0,1
88200,Charlie,Caesar,BANANAS,SEASHELLS,4886.0,1
88200,Paris,Caesar,BANANAS,SEASHELLS,4886.0,1
88200,Paris,Pablo,PEARLS,SEASHELLS,9998.0,1
88200,Caesar,Camilla,UKULELE,SEASHELLS,20959.0,9
88200,Charlie,Pablo,PEARLS,SEASHELLS,9998.0,2
88500,Paris,Charlie,PEARLS,SEASHELLS,10005.0,1
88500,Paris,Charlie,BANANAS,SEASHELLS,4890.0,1
88900,Caesar,Camilla,DIP,SEASHELLS,7027.0,9
89100,Paris,Caesar,DIP,SEASHELLS,7029.0,8
89100,Charlie,Paris,BANANAS,SEASHELLS,4885.0,1
89300,Charlie,Penelope,BANANAS,SEASHELLS,4885.0,4
89300,Camilla,Pablo,PICNIC_BASKET,SEASHELLS,73510.0,8
89400,Paris,Caesar,DIP,SEASHELLS,7030.0,10
89500,Charlie,Gary,BANANAS,SEASHELLS,4885.0,19
89600,Camilla,Penelope,BERRIES,SEASHELLS,3901.0,11
89700,Paris,Caesar,DIP,SEASHELLS,7030.0,5
89800,Paris,Charlie,BANANAS,SEASHELLS,4890.0,1
89900,Paris,Charlie,BANANAS,SEASHELLS,4892.0,1
89900,Paris,Caesar,PEARLS,SEASHELLS,10004.0,1
90100,Paris,Caesar,BAGUETTE,SEASHELLS,12111.0,3
90100,Charlie,Paris,PEARLS,SEASHELLS,9998.0,1
90200,Paris,Charlie,BANANAS,SEASHELLS,4892.0,1
90200,Paris,Caesar,PEARLS,SEASHELLS,10004.0,1
90300,Paris,Charlie,BANANAS,SEASHELLS,4893.0,2
90300,Paris,Charlie,PEARLS,SEASHELLS,10005.0,2
90500,Peter,Charlie,PINA_COLADAS,SEASHELLS,14945.0,3
90500,Paris,Caesar,PEARLS,SEASHELLS,10004.0,1
90500,Paris,Charlie,BANANAS,SEASHELLS,4893.0,1
90600,Caesar,Olivia,BANANAS,SEASHELLS,4887.0,2
90600,Charlie,Olivia,BANANAS,SEASHELLS,4886.0,15
90700,Paris,Charlie,PEARLS,SEASHELLS,10005.0,1
90700,Paris,Charlie,BANANAS,SEASHELLS,4893.0,1
91000,Paris,Gary,PEARLS,SEASHELLS,10002.0,1
91100,Paris,Caesar,UKULELE,SEASHELLS,20966.0,3
91100,Paris,Charlie,DIVING_GEAR,SEASHELLS,99059.0,1
91200,Paris,Caesar,BAGUETTE,SEASHELLS,12117.0,7
91500,Caesar,Camilla,BAGUETTE,SEASHELLS,12119.0,9
91600,Charlie,Paris,BANANAS,SEASHELLS,4886.0,1
91600,Caesar,Paris,UKULELE,SEASHELLS,20972.0,2
91700,Caesar,Caesar,COCONUTS,SEASHELLS,7962.0,40
91700,Caesar,Caesar,COCONUTS,SEASHELLS,7962.0,39
91800,Caesar,Paris,BANANAS,SEASHELLS,4886.0,1
91900,Caesar,Caesar,PINA_COLADAS,SEASHELLS,14943.0,29
92000,Caesar,Camilla,DIP,SEASHELLS,7027.0,10
92100,Camilla,Paris,DIVING_GEAR,SEASHELLS,99085.0,3
92100,Camilla,Pablo,PICNIC_BASKET,SEASHELLS,73540.0,1
92100,Caesar,Pablo,PICNIC_BASKET,SEASHELLS,73541.0,2
92200,Pablo,Charlie,PEARLS,SEASHELLS,10002.0,3
92300,Caesar,Paris,BANANAS,SEASHELLS,4885.0,1
92300,Paris,Caesar,PEARLS,SEASHELLS,10004.0,1
92300,Paris,Charlie,BANANAS,SEASHELLS,4891.0,1
92400,Paris,Camilla,BANANAS,SEASHELLS,4889.0,2
92400,Paris,Camilla,PEARLS,SEASHELLS,10002.0,2
92400,Camilla,Paris,BERRIES,SEASHELLS,3902.0,4
92500,Penelope,Caesar,PICNIC_BASKET,SEASHELLS,73566.0,2
92500,Caesar,Paris,UKULELE,SEASHELLS,20968.0,1
92700,Caesar,Paris,BAGUETTE,SEASHELLS,12113.0,8
92800,Caesar,Camilla,UKULELE,SEASHELLS,20964.0,6
92800,Pablo,Camilla,PICNIC_BASKET,SEASHELLS,73560.0,3
92800,Pablo,Caesar,PICNIC_BASKET,SEASHELLS,73560.0,1
93100,Paris,Caesar,BAGUETTE,SEASHELLS,12107.0,3
93100,Paris,Caesar,PEARLS,SEASHELLS,10002.0,1
93500,Paris,Caesar,BAGUETTE,SEASHELLS,12111.0,5
93500,Camilla,Paris,BERRIES,SEASHELLS,3898.0,5
93600,Paris,Camilla,BANANAS,SEASHELLS,4887.0,1
93600,Caesar,Camilla,DIP,SEASHELLS,7026.0,7
93600,Paris,Paris,PEARLS,SEASHELLS,9998.0,1
93700,Caesar,Paris,DIP,SEASHELLS,7027.0,9
93800,Paris,Caesar,DIP,SEASHELLS,7030.0,8
93900,Camilla,Paris,DIVING_GEAR,SEASHELLS,99079.0,1
94400,Charlie,Pablo,COCONUTS,SEASHELLS,7965.0,21
94500,Camilla,Paris,BERRIES,SEASHELLS,3897.0,3
94600,Caesar,Paris,BAGUETTE,SEASHELLS,12111.0,5
94700,Paris,Charlie,BANANAS,SEASHELLS,4885.0,1
94700,Paris,Caesar,BAGUETTE,SEASHELLS,12110.0,6
94800,Caesar,Paris,PEARLS,SEASHELLS,9996.0,1
94800,Charlie,Paris,BANANAS,SEASHELLS,4880.0,2
94800,Charlie,Paris,PEARLS,SEASHELLS,9996.0,1
95100,Paris,Charlie,BANANAS,SEASHELLS,4885.0,1
95100,Caesar,Camilla,DIP,SEASHELLS,7031.0,7
95200,Paris,Caesar,BAGUETTE,SEASHELLS,12114.0,5
95300,Paris,Charlie,BANANAS,SEASHELLS,4886.0,1
95400,Paris,Caesar,UKULELE,SEASHELLS,20958.0,3
95600,Charlie,Paris,PEARLS,SEASHELLS,9998.0,1
95700,Camilla,Paris,BERRIES,SEASHELLS,3897.0,3
95700,Gina,Camilla,PEARLS,SEASHELLS,10002.0,7
95800,Charlie,Paris,BANANAS,SEASHELLS,4880.0,1
95800,Charlie,Paris,PEARLS,SEASHELLS,9998.0,1
95900,Paris,Caesar,UKULELE,SEASHELLS,20953.0,4
95900,Penelope,Charlie,BANANAS,SEASHELLS,4887.0,12
95900,Paris,Charlie,BANANAS,SEASHELLS,4885.0,1
96000,Paris,Charlie,BANANAS,SEASHELLS,4885.0,1
96000,Caesar,Camilla,DIP,SEASHELLS,7033.0,5
96100,Paris,Camilla,PEARLS,SEASHELLS,10002.0,2
96100,Charlie,Paris,BANANAS,SEASHELLS,4880.0,1
96100,Paris,Camilla,BANANAS,SEASHELLS,4885.0,2
96200,Paris,Caesar,DIP,SEASHELLS,7031.0,5
96300,Penelope,Charlie,BANANAS,SEASHELLS,4886.0,2
96600,Charlie,Paris,BANANAS,SEASHELLS,4879.0,1
96800,Caesar,Caesar,COCONUTS,SEASHELLS,7973.0,45
97000,Charlie,Gina,BANANAS,SEASHELLS,4880.0,10
97100,Peter,Charlie,COCONUTS,SEASHELLS,7977.0,7
97100,Paris,Camilla,DIP,SEASHELLS,7031.0,7
97200,Gina,Charlie,BANANAS,SEASHELLS,4883.0,9
97800,Penelope,Caesar,PICNIC_BASKET,SEASHELLS,73629.0,2
97900,Pablo,Charlie,PEARLS,SEASHELLS,10002.0,3
98000,Penelope,Caesar,PEARLS,SEASHELLS,10004.0,2
98000,Paris,Caesar,UKULELE,SEASHELLS,20950.0,3
98000,Penelope,Charlie,PEARLS,SEASHELLS,10004.0,3
98100,Camilla,Pablo,PEARLS,SEASHELLS,9998.0,1
98100,Charlie,Paris,DIVING_GEAR,SEASHELLS,99070.0,1
98100,Camilla,Paris,BERRIES,SEASHELLS,3894.0,6
98100,Camilla,Paris,BANANAS,SEASHELLS,4879.0,1
98200,Camilla,Penelope,PICNIC_BASKET,SEASHELLS,73598.0,10
98400,Charlie,Paris,DIVING_GEAR,SEASHELLS,99095.0,1
98400,Paris,Caesar,BAGUETTE,SEASHELLS,12145.0,6
98500,Caesar,Camilla,BAGUETTE,SEASHELLS,12140.0,9
98500,Charlie,Paris,PEARLS,SEASHELLS,9998.0,1
98600,Gary,Charlie,PEARLS,SEASHELLS,10005.0,9
98800,Paris,Camilla,BERRIES,SEASHELLS,3902.0,1
98900,Penelope,Charlie,PEARLS,SEASHELLS,10005.0,2
98900,Paris,Caesar,DIP,SEASHELLS,7035.0,7
98900,Gary,Caesar,PEARLS,SEASHELLS,10004.0,1
99100,Charlie,Pablo,PINA_COLADAS,SEASHELLS,14966.0,6
99200,Charlie,Paris,PEARLS,SEASHELLS,9995.0,2
99200,Charlie,Paris,BANANAS,SEASHELLS,4879.0,2
99200,Paris,Caesar,DIP,SEASHELLS,7038.0,6
99300,Charlie,Paris,PEARLS,SEASHELLS,9998.0,1
99300,Paris,Charlie,BANANAS,SEASHELLS,4884.0,1
99500,Charlie,Pablo,PEARLS,SEASHELLS,9998.0,3
99500,Paris,Caesar,UKULELE,SEASHELLS,20954.0,4
99500,Gary,Charlie,BANANAS,SEASHELLS,4886.0,14
99600,Caesar,Camilla,UKULELE,SEASHELLS,20956.0,7
99600,Charlie,Caesar,BANANAS,SEASHELLS,4881.0,1
99600,Paris,Camilla,BERRIES,SEASHELLS,3901.0,4
99700,Caesar,Paris,BANANAS,SEASHELLS,4881.0,2
99700,Charlie,Paris,PEARLS,SEASHELLS,9995.0,2
99900,Paris,Caesar,BAGUETTE,SEASHELLS,12141.0,3
99900,Camilla,Paris,BANANAS,SEASHELLS,4879.0,1
99900,Camilla,Charlie,DIVING_GEAR,SEASHELLS,99109.0,1
100200,Caesar,Pablo,PINA_COLADAS,SEASHELLS,14961.0,11
100300,Paris,Caesar,BAGUETTE,SEASHELLS,12146.0,6
100400,Paris,Caesar,UKULELE,SEASHELLS,20956.0,5
100400,Charlie,Camilla,DIVING_GEAR,SEASHELLS,99097.0,1
100400,Pablo,Charlie,PEARLS,SEASHELLS,10002.0,1
100500,Camilla,Gary,BERRIES,SEASHELLS,3894.0,12
100600,Paris,Charlie,PEARLS,SEASHELLS,10002.0,1
100700,Charlie,Penelope,PEARLS,SEASHELLS,9998.0,1
100700,Camilla,Paris,PEARLS,SEASHELLS,9998.0,1
100700,Camilla,Penelope,PEARLS,SEASHELLS,9998.0,6
101300,Caesar,Camilla,DIP,SEASHELLS,7045.0,5
101400,Paris,Caesar,BANANAS,SEASHELLS,4886.0,1
101400,Paris,Caesar,UKULELE,SEASHELLS,20975.0,4
101400,Camilla,Paris,BERRIES,SEASHELLS,3892.0,1
101400,Penelope,Caesar,PICNIC_BASKET,SEASHELLS,73650.0,2
101500,Caesar,Paris,UKULELE,SEASHELLS,20975.0,3
101500,Penelope,Caesar,PICNIC_BASKET,SEASHELLS,73651.0,1
101500,Paris,Charlie,BANANAS,SEASHELLS,4886.0,1
101600,Penelope,Camilla,PICNIC_BASKET,SEASHELLS,73653.0,8
101700,Paris,Caesar,UKULELE,SEASHELLS,20979.0,3
101900,Paris,Caesar,DIP,SEASHELLS,7044.0,4
101900,Paris,Charlie,BANANAS,SEASHELLS,4886.0,1
101900,Paris,Caesar,UKULELE,SEASHELLS,20976.0,2
102000,Paris,Caesar,UKULELE,SEASHELLS,20974.0,5
102000,Paris,Caesar,BAGUETTE,SEASHELLS,12136.0,4
102100,Camilla,Pablo,PICNIC_BASKET,SEASHELLS,73618.0,7
102200,Charlie,Penelope,BANANAS,SEASHELLS,4880.0,6
102400,Caesar,Paris,BAGUETTE,SEASHELLS,12130.0,8
102400,Caesar,Paris,UKULELE,SEASHELLS,20966.0,4
102400,Peter,Charlie,COCONUTS,SEASHELLS,7984.0,8
102500,Camilla,Paris,DIVING_GEAR,SEASHELLS,99060.0,3
102500,Camilla,Paris,BERRIES,SEASHELLS,3893.0,7
102500,Paris,Pablo,PEARLS,SEASHELLS,9998.0,1
102500,Paris,Camilla,BANANAS,SEASHELLS,4885.0,2
102700,Charlie,Paris,PEARLS,SEASHELLS,9998.0,1
102800,Charlie,Pablo,BANANAS,SEASHELLS,4882.0,5
102900,Charlie,Penelope,PEARLS,SEASHELLS,9995.0,6
103200,Paris,Caesar,DIP,SEASHELLS,7043.0,7
103300,Caesar,Caesar,COCONUTS,SEASHELLS,7984.0,68
103300,Paris,Charlie,DIVING_GEAR,SEASHELLS,99081.0,2
103400,Charlie,Paris,BANANAS,SEASHELLS,4880.0,1
103600,Pablo,Charlie,PEARLS,SEASHELLS,10002.0,2
103700,Penelope,Caesar,PEARLS,SEASHELLS,10004.0,1
104000,Caesar,Paris,UKULELE,SEASHELLS,20984.0,2
104000,Pablo,Caesar,PICNIC_BASKET,SEASHELLS,73592.0,2
104300,Camilla,Pablo,PICNIC_BASKET,SEASHELLS,73569.0,8
104400,Paris,Charlie,BANANAS,SEASHELLS,4888.0,2
104400,Paris,Charlie,PEARLS,SEASHELLS,10005.0,2
104400,Paris,Charlie,PEARLS,SEASHELLS,10002.0,1
104500,Caesar,Paris,PEARLS,SEASHELLS,9996.0,2
104500,Caesar,Paris,DIP,SEASHELLS,7040.0,7
104500,Charlie,Paris,BANANAS,SEASHELLS,4881.0,2
104600,Caesar,Camilla,UKULELE,SEASHELLS,20992.0,11
104600,Charlie,Gary,PEARLS,SEASHELLS,9996.0,6
104600,Caesar,Gary,PEARLS,SEASHELLS,9996.0,2
104700,Caesar,Camilla,DIP,SEASHELLS,7041.0,11
104800,Paris,Charlie,BANANAS,SEASHELLS,4886.0,1
104800,Paris,Camilla,BERRIES,SEASHELLS,3903.0,1
104900,Paris,Charlie,BANANAS,SEASHELLS,4888.0,1
105200,Paris,Charlie,PEARLS,SEASHELLS,10002.0,1
105300,Charlie,Pablo,PEARLS,SEASHELLS,9998.0,1
105400,Paris,Caesar,BAGUETTE,SEASHELLS,12144.0,4
105400,Paris,Camilla,BERRIES,SEASHELLS,3905.0,4
105600,Caesar,Camilla,DIP,SEASHELLS,7043.0,8
105700,Paris,Caesar,BAGUETTE,SEASHELLS,12148.0,6
105800,Caesar,Caesar,PINA_COLADAS,SEASHELLS,14977.0,22
105800,Charlie,Paris,BANANAS,SEASHELLS,4884.0,2
105800,Charlie,Paris,PEARLS,SEASHELLS,9995.0,2
105900,Paris,Charlie,BANANAS,SEASHELLS,4890.0,1
106300,Charlie,Pablo,BANANAS,SEASHELLS,4886.0,3
106300,Pablo,Charlie,PEARLS,SEASHELLS,10002.0,5
106400,Caesar,Paris,DIP,SEASHELLS,7044.0,8
106500,Paris,Charlie,BANANAS,SEASHELLS,4889.0,1
106600,Paris,Camilla,BERRIES,SEASHELLS,3907.0,9
106800,Paris,Camilla,PEARLS,SEASHELLS,10002.0,1
106800,Caesar,Camilla,DIP,SEASHELLS,7043.0,6
106900,Paris,Camilla,BERRIES,SEASHELLS,3908.0,4
107200,Caesar,Camilla,DIP,SEASHELLS,7042.0,7
107300,Paris,Caesar,UKULELE,SEASHELLS,20995.0,3
107300,Caesar,Penelope,PICNIC_BASKET,SEASHELLS,73622.0,2
107400,Paris,Caesar,BAGUETTE,SEASHELLS,12156.0,5
107500,Peter,Charlie,COCONUTS,SEASHELLS,7982.0,6
107500,Pablo,Charlie,PEARLS,SEASHELLS,10002.0,3
107500,Paris,Caesar,UKULELE,SEASHELLS,20995.0,5
107800,Charlie,Camilla,DIVING_GEAR,SEASHELLS,99026.0,1
107900,Camilla,Penelope,BERRIES,SEASHELLS,3900.0,12
108000,Caesar,Camilla,DIP,SEASHELLS,7039.0,10
108400,Charlie,Pablo,PEARLS,SEASHELLS,9998.0,5
108400,Charlie,Caesar,BANANAS,SEASHELLS,4885.0,6
108400,Paris,Caesar,DIP,SEASHELLS,7039.0,8
108500,Charlie,Peter,COCONUTS,SEASHELLS,7981.0,5
108500,Paris,Caesar,UKULELE,SEASHELLS,20980.0,3
108600,Charlie,Pablo,PEARLS,SEASHELLS,9998.0,4
108600,Caesar,Camilla,DIP,SEASHELLS,7038.0,3
108700,Paris,Caesar,DIP,SEASHELLS,7041.0,7
108800,Charlie,Paris,DIVING_GEAR,SEASHELLS,99041.0,2
108900,Charlie,Paris,PEARLS,SEASHELLS,9998.0,1
109000,Charlie,Paris,PEARLS,SEASHELLS,9998.0,1
109100,Paris,Charlie,DIVING_GEAR,SEASHELLS,99051.0,3
109200,Peter,Caesar,PINA_COLADAS,SEASHELLS,14978.0,3
109300,Caesar,Camilla,BAGUETTE,SEASHELLS,12148.0,7
109400,Penelope,Camilla,PEARLS,SEASHELLS,10002.0,7
109400,Paris,Pablo,BANANAS,SEASHELLS,4882.0,1
109500,Charlie,Paris,BANANAS,SEASHELLS,4881.0,1
109500,Paris,Caesar,DIP,SEASHELLS,7040.0,6
109500,Charlie,Gary,PEARLS,SEASHELLS,9995.0,10
109500,Paris,Caesar,UKULELE,SEASHELLS,20983.0,2
109700,Caesar,Camilla,DIP,SEASHELLS,7038.0,4
109900,Paris,Caesar,UKULELE,SEASHELLS,20979.0,4
110000,Pablo,Camilla,PICNIC_BASKET,SEASHELLS,73644.0,6
110000,Pablo,Caesar,PICNIC_BASKET,SEASHELLS,73644.0,1
110100,Gina,Charlie,BANANAS,SEASHELLS,4885.0,10
110400,Caesar,Paris,UKULELE,SEASHELLS,20970.0,3
110500,Paris,Camilla,BERRIES,SEASHELLS,3900.0,7
110600,Paris,Camilla,PEARLS,SEASHELLS,10002.0,1
110700,Paris,Charlie,PEARLS,SEASHELLS,10002.0,1
110800,Pablo,Charlie,BANANAS,SEASHELLS,4886.0,1
110900,Paris,Charlie,BANANAS,SEASHELLS,4887.0,1
110900,Paris,Charlie,PEARLS,SEASHELLS,10004.0,1
110900,Paris,Charlie,BANANAS,SEASHELLS,4889.0,2
110900,Paris,Caesar,PEARLS,SEASHELLS,10004.0,1
111000,Camilla,Penelope,BERRIES,SEASHELLS,3891.0,13
111100,Paris,Caesar,BANANAS,SEASHELLS,4888.0,1
111100,Paris,Charlie,BANANAS,SEASHELLS,4888.0,1
111100,Paris,Charlie,PEARLS,SEASHELLS,10004.0,1
111100,Paris,Caesar,PEARLS,SEASHELLS,10004.0,1
111200,Gina,Charlie,PEARLS,SEASHELLS,10002.0,6
111400,Caesar,Paris,BAGUETTE,SEASHELLS,12148.0,3
111400,Caesar,Paris,DIP,SEASHELLS,7034.0,8
111400,Caesar,Camilla,BAGUETTE,SEASHELLS,12148.0,5
111500,Charlie,Paris,BANANAS,SEASHELLS,4882.0,1
111500,Paris,Caesar,UKULELE,SEASHELLS,20966.0,2
111600,Camilla,Paris,BANANAS,SEASHELLS,4882.0,1
111900,Pablo,Camilla,PEARLS,SEASHELLS,10002.0,3
112000,Paris,Caesar,PEARLS,SEASHELLS,10004.0,1
112000,Paris,Caesar,BANANAS,SEASHELLS,4888.0,1
112200,Caesar,Paris,UKULELE,SEASHELLS,20972.0,2
112300,Caesar,Paris,BAGUETTE,SEASHELLS,12135.0,4
112400,Charlie,Penelope,PEARLS,SEASHELLS,9995.0,6
112500,Caesar,Paris,DIP,SEASHELLS,7038.0,10
112900,Caesar,Paris,UKULELE,SEASHELLS,20965.0,2
113400,Caesar,Paris,DIP,SEASHELLS,7038.0,9
113500,Camilla,Paris,PEARLS,SEASHELLS,9998.0,1
113700,Paris,Charlie,BANANAS,SEASHELLS,4884.0,1
113700,Paris,Charlie,PEARLS,SEASHELLS,10002.0,1
113900,Paris,Charlie,BANANAS,SEASHELLS,4885.0,1
114000,Camilla,Gina,BANANAS,SEASHELLS,4880.0,5
114000,Charlie,Gina,BANANAS,SEASHELLS,4880.0,4
114000,Caesar,Gina,BANANAS,SEASHELLS,4880.0,1
114100,Pablo,Charlie,PEARLS,SEASHELLS,10002.0,4
114300,Camilla,Camilla,DIVING_GEAR,SEASHELLS,98980.0,1
114300,Penelope,Camilla,PEARLS,SEASHELLS,10002.0,6
114400,Caesar,Paris,UKULELE,SEASHELLS,20953.0,3
114400,Charlie,Penelope,BANANAS,SEASHELLS,4880.0,4
114600,Penelope,Camilla,PICNIC_BASKET,SEASHELLS,73681.0,9
114700,Charlie,Paris,DIVING_GEAR,SEASHELLS,98994.0,3
114700,Paris,Caesar,UKULELE,SEASHELLS,20952.0,1
114700,Caesar,Camilla,BAGUETTE,SEASHELLS,12146.0,9
114800,Pablo,Caesar,PINA_COLADAS,SEASHELLS,14962.0,8
114800,Charlie,Paris,PEARLS,SEASHELLS,9998.0,1
114900,Caesar,Paris,DIP,SEASHELLS,7046.0,9
114900,Caesar,Penelope,PICNIC_BASKET,SEASHELLS,73671.0,1
115000,Penelope,Charlie,BANANAS,SEASHELLS,4887.0,11
115000,Penelope,Caesar,PEARLS,SEASHELLS,10004.0,1
115000,Charlie,Paris,DIVING_GEAR,SEASHELLS,98988.0,1
115100,Camilla,Pablo,PICNIC_BASKET,SEASHELLS,73669.0,3
115100,Caesar,Pablo,PICNIC_BASKET,SEASHELLS,73675.0,3
115400,Penelope,Caesar,PICNIC_BASKET,SEASHELLS,73657.0,1
115400,Camilla,Paris,DIVING_GEAR,SEASHELLS,98971.0,3
115400,Paris,Charlie,BANANAS,SEASHELLS,4885.0,1
115500,Charlie,Paris,BANANAS,SEASHELLS,4881.0,1
115500,Caesar,Camilla,DIP,SEASHELLS,7050.0,3
115900,Paris,Charlie,BANANAS,SEASHELLS,4888.0,2
115900,Pablo,Caesar,BANANAS,SEASHELLS,4886.0,3
115900,Paris,Caesar,PEARLS,SEASHELLS,10000.0,2
116200,Charlie,Gary,BANANAS,SEASHELLS,4881.0,18
116300,Paris,Charlie,DIVING_GEAR,SEASHELLS,98936.0,2
116600,Caesar,Caesar,COCONUTS,SEASHELLS,7969.0,49
116600,Paris,Caesar,UKULELE,SEASHELLS,20950.0,3
116800,Paris,Charlie,PEARLS,SEASHELLS,10002.0,1
116800,Paris,Caesar,UKULELE,SEASHELLS,20949.0,4
117000,Caesar,Paris,DIP,SEASHELLS,7057.0,4
117100,Camilla,Pablo,PEARLS,SEASHELLS,9998.0,3
117100,Camilla,Paris,PEARLS,SEASHELLS,9998.0,1
117400,Charlie,Gary,PEARLS,SEASHELLS,9996.0,7
117400,Caesar,Gary,PEARLS,SEASHELLS,9996.0,1
117500,Caesar,Paris,BANANAS,SEASHELLS,4882.0,1
117500,Paris,Caesar,DIP,SEASHELLS,7059.0,7
117900,Charlie,Gary,BANANAS,SEASHELLS,4882.0,16
118300,Pablo,Paris,BANANAS,SEASHELLS,4885.0,1
118300,Charlie,Paris,PEARLS,SEASHELLS,9995.0,1
118500,Paris,Caesar,BAGUETTE,SEASHELLS,12143.0,8
118500,Charlie,Pablo,COCONUTS,SEASHELLS,7963.0,21
118700,Paris,Charlie,PEARLS,SEASHELLS,10002.0,1
119100,Charlie,Penelope,BANANAS,SEASHELLS,4880.0,4
119200,Caesar,Paris,UKULELE,SEASHELLS,20962.0,5
119400,Paris,Camilla,PEARLS,SEASHELLS,10002.0,1
119500,Caesar,Paris,BAGUETTE,SEASHELLS,12129.0,5
119600,Paris,Charlie,PEARLS,SEASHELLS,10004.0,1
119600,Paris,Caesar,PEARLS,SEASHELLS,10004.0,1
119600,Paris,Charlie,BANANAS,SEASHELLS,4886.0,2
120000,Camilla,Paris,PEARLS,SEASHELLS,9998.0,1
120000,Camilla,Paris,BANANAS,SEASHELLS,4879.0,1
120100,Caesar,Paris,DIP,SEASHELLS,7059.0,9
120300,Charlie,Paris,PEARLS,SEASHELLS,9998.0,1
120500,Penelope,Caesar,PICNIC_BASKET,SEASHELLS,73717.0,1
120600,Caesar,Paris,DIP,SEASHELLS,7060.0,9
120600,Charlie,Paris,BANANAS,SEASHELLS,4877.0,1
120700,Charlie,Paris,PEARLS,SEASHELLS,9998.0,1
120800,Charlie,Paris,BANANAS,SEASHELLS,4877.0,1
120800,Pablo,Charlie,PEARLS,SEASHELLS,10002.0,5
120900,Camilla,Paris,PEARLS,SEASHELLS,9998.0,1
121000,Camilla,Gary,PEARLS,SEASHELLS,9998.0,2
121000,Charlie,Gary,PEARLS,SEASHELLS,9998.0,6
121000,Penelope,Camilla,BERRIES,SEASHELLS,3898.0,12
121000,Camilla,Penelope,PICNIC_BASKET,SEASHELLS,73713.0,6
121300,Camilla,Pablo,PICNIC_BASKET,SEASHELLS,73709.0,3
121300,Caesar,Pablo,PICNIC_BASKET,SEASHELLS,73710.0,2
121300,Camilla,Paris,PEARLS,SEASHELLS,9998.0,1
121500,Pablo,Caesar,COCONUTS,SEASHELLS,7957.0,21
121500,Camilla,Penelope,BERRIES,SEASHELLS,3889.0,10
121800,Paris,Caesar,DIP,SEASHELLS,7064.0,5
121800,Paris,Caesar,UKULELE,SEASHELLS,20958.0,1
121900,Caesar,Penelope,PICNIC_BASKET,SEASHELLS,73732.0,2
121900,Caesar,Paris,BAGUETTE,SEASHELLS,12119.0,7
122200,Charlie,Paris,PEARLS,SEASHELLS,9998.0,1
122200,Caesar,Paris,BAGUETTE,SEASHELLS,12114.0,8
122200,Charlie,Pablo,BANANAS,SEASHELLS,4878.0,1
122200,Charlie,Gary,BANANAS,SEASHELLS,4877.0,15
122500,Pablo,Charlie,BANANAS,SEASHELLS,4882.0,4
122600,Charlie,Paris,BANANAS,SEASHELLS,4877.0,1
122800,Caesar,Paris,DIP,SEASHELLS,7057.0,5
123100,Paris,Charlie,DIVING_GEAR,SEASHELLS,98940.0,3
123200,Paris,Charlie,BANANAS,SEASHELLS,4881.0,1
123400,Paris,Caesar,UKULELE,SEASHELLS,20964.0,1
123500,Pablo,Camilla,PEARLS,SEASHELLS,10002.0,5
123500,Caesar,Paris,BANANAS,SEASHELLS,4875.0,1
123500,Charlie,Penelope,BANANAS,SEASHELLS,4874.0,7
123600,Charlie,Paris,PEARLS,SEASHELLS,9995.0,2
123600,Charlie,Paris,BANANAS,SEASHELLS,4875.0,2
123700,Paris,Charlie,BANANAS,SEASHELLS,4880.0,1
123700,Paris,Charlie,PEARLS,SEASHELLS,10002.0,1
123900,Gary,Camilla,BERRIES,SEASHELLS,3895.0,20
124000,Paris,Charlie,PEARLS,SEASHELLS,10002.0,1
124000,Caesar,Camilla,DIP,SEASHELLS,7060.0,4
124000,Caesar,Paris,BAGUETTE,SEASHELLS,12128.0,5
124000,Paris,Charlie,BANANAS,SEASHELLS,4880.0,1
124300,Charlie,Paris,PEARLS,SEASHELLS,9998.0,1
124300,Charlie,Paris,BANANAS,SEASHELLS,4876.0,1
124400,Camilla,Pablo,PICNIC_BASKET,SEASHELLS,73748.0,7
124400,Caesar,Pablo,PICNIC_BASKET,SEASHELLS,73748.0,1
124500,Charlie,Paris,PEARLS,SEASHELLS,9998.0,1
124700,Pablo,Peter,BERRIES,SEASHELLS,3893.0,4
124900,Pablo,Charlie,PEARLS,SEASHELLS,10002.0,2
125500,Charlie,Paris,BANANAS,SEASHELLS,4874.0,1
126100,Peter,Charlie,PINA_COLADAS,SEASHELLS,14925.0,5
126300,Camilla,Camilla,DIVING_GEAR,SEASHELLS,99019.0,3
126400,Paris,Charlie,DIVING_GEAR,SEASHELLS,99021.0,1
126500,Camilla,Paris,BERRIES,SEASHELLS,3886.0,7
126500,Paris,Charlie,BANANAS,SEASHELLS,4878.0,1
126500,Paris,Camilla,DIVING_GEAR,SEASHELLS,99020.0,2
126500,Caesar,Camilla,DIP,SEASHELLS,7066.0,7
126600,Camilla,Paris,DIVING_GEAR,SEASHELLS,99025.0,1
126700,Paris,Camilla,BANANAS,SEASHELLS,4878.0,1
126800,Penelope,Camilla,BERRIES,SEASHELLS,3893.0,11
126800,Paris,Caesar,DIP,SEASHELLS,7069.0,7
126800,Caesar,Paris,UKULELE,SEASHELLS,20956.0,4
127000,Charlie,Paris,BANANAS,SEASHELLS,4874.0,1
127100,Peter,Charlie,COCONUTS,SEASHELLS,7955.0,6
127400,Charlie,Paris,PEARLS,SEASHELLS,9998.0,0
127400,Camilla,Paris,PEARLS,SEASHELLS,9998.0,1
127400,Camilla,Gina,PEARLS,SEASHELLS,9998.0,5
127400,Charlie,Gina,PEARLS,SEASHELLS,9998.0,1
127500,Caesar,Paris,BAGUETTE,SEASHELLS,12117.0,5
127500,Charlie,Camilla,DIVING_GEAR,SEASHELLS,99018.0,3
127600,Charlie,Paris,BANANAS,SEASHELLS,4874.0,1
127600,Paris,Charlie,PEARLS,SEASHELLS,10002.0,1
128000,Pablo,Charlie,PEARLS,SEASHELLS,10002.0,4
128400,Caesar,Paris,UKULELE,SEASHELLS,20955.0,3
128500,Charlie,Peter,COCONUTS,SEASHELLS,7951.0,8
128700,Peter,Penelope,BERRIES,SEASHELLS,3892.0,4
128700,Caesar,Paris,BAGUETTE,SEASHELLS,12105.0,5
128800,Caesar,Paris,BAGUETTE,SEASHELLS,12108.0,5
128800,Camilla,Paris,BANANAS,SEASHELLS,4873.0,1
129000,Charlie,Paris,BANANAS,SEASHELLS,4873.0,1
129100,Caesar,Camilla,DIP,SEASHELLS,7060.0,11
129400,Caesar,Camilla,UKULELE,SEASHELLS,20950.0,8
129600,Paris,Charlie,PEARLS,SEASHELLS,10002.0,1
129700,Paris,Charlie,BANANAS,SEASHELLS,4878.0,2
129700,Paris,Charlie,PEARLS,SEASHELLS,10005.0,2
129800,Pablo,Charlie,BANANAS,SEASHELLS,4876.0,5
129900,Charlie,Paris,BANANAS,SEASHELLS,4872.0,1
130000,Charlie,Paris,PEARLS,SEASHELLS,9998.0,1
130000,Caesar,Paris,BAGUETTE,SEASHELLS,12100.0,3
130100,Camilla,Camilla,DIVING_GEAR,SEASHELLS,99036.0,3
130200,Caesar,Paris,UKULELE,SEASHELLS,20955.0,5
130200,Paris,Charlie,DIVING_GEAR,SEASHELLS,99030.0,1
130300,Paris,Paris,PEARLS,SEASHELLS,9998.0,1
130300,Caesar,Paris,DIP,SEASHELLS,7061.0,5
130300,Paris,Camilla,BANANAS,SEASHELLS,4875.0,1
130400,Charlie,Paris,DIVING_GEAR,SEASHELLS,99021.0,3
130500,Charlie,Paris,PEARLS,SEASHELLS,9998.0,1
130600,Paris,Camilla,BERRIES,SEASHELLS,3894.0,8
130600,Paris,Charlie,PEARLS,SEASHELLS,10002.0,1
130700,Charlie,Penelope,BANANAS,SEASHELLS,4870.0,12
130700,Caesar,Camilla,BAGUETTE,SEASHELLS,12099.0,4
130700,Camilla,Paris,DIVING_GEAR,SEASHELLS,99024.0,3
130800,Gary,Camilla,BERRIES,SEASHELLS,3894.0,10
130900,Paris,Caesar,BAGUETTE,SEASHELLS,12101.0,6
131000,Paris,Charlie,DIVING_GEAR,SEASHELLS,99018.0,3
131000,Pablo,Charlie,BANANAS,SEASHELLS,4874.0,1
131100,Paris,Caesar,BAGUETTE,SEASHELLS,12098.0,7
131100,Charlie,Paris,BANANAS,SEASHELLS,4870.0,1
131100,Paris,Caesar,UKULELE,SEASHELLS,20957.0,3
131200,Charlie,Camilla,DIVING_GEAR,SEASHELLS,99022.0,1
131300,Pablo,Charlie,BANANAS,SEASHELLS,4874.0,2
131300,Paris,Caesar,BAGUETTE,SEASHELLS,12096.0,8
131400,Paris,Caesar,UKULELE,SEASHELLS,20953.0,2
131700,Paris,Caesar,DIP,SEASHELLS,7066.0,9
131800,Caesar,Gary,PEARLS,SEASHELLS,9996.0,1
132100,Pablo,Charlie,BANANAS,SEASHELLS,4875.0,5
132100,Paris,Charlie,BANANAS,SEASHELLS,4876.0,1
132100,Paris,Charlie,PEARLS,SEASHELLS,10002.0,1
132100,Paris,Caesar,BAGUETTE,SEASHELLS,12099.0,5
132200,Penelope,Caesar,PEARLS,SEASHELLS,10004.0,2
132200,Camilla,Paris,BANANAS,SEASHELLS,4871.0,1
132200,Penelope,Charlie,PEARLS,SEASHELLS,10004.0,6
132300,Caesar,Caesar,COCONUTS,SEASHELLS,7953.0,47
132400,Charlie,Gary,BANANAS,SEASHELLS,4871.0,15
132500,Camilla,Paris,DIVING_GEAR,SEASHELLS,99017.0,1
132500,Paris,Caesar,BAGUETTE,SEASHELLS,12103.0,4
132500,Paris,Charlie,PEARLS,SEASHELLS,10002.0,1
132500,Charlie,Paris,BANANAS,SEASHELLS,4871.0,1
132600,Paris,Caesar,UKULELE,SEASHELLS,20950.0,2
132600,Charlie,Paris,PEARLS,SEASHELLS,9998.0,1
133300,Pablo,Charlie,BANANAS,SEASHELLS,4875.0,2
133500,Gina,Camilla,BANANAS,SEASHELLS,4876.0,8
133600,Caesar,Paris,DIP,SEASHELLS,7062.0,4
133700,Caesar,Paris,UKULELE,SEASHELLS,20971.0,4
133700,Caesar,Paris,DIP,SEASHELLS,7062.0,9
133800,Camilla,Camilla,DIVING_GEAR,SEASHELLS,99030.0,3
133800,Charlie,Gary,BANANAS,SEASHELLS,4870.0,19
134000,Charlie,Penelope,PEARLS,SEASHELLS,9996.0,3
134000,Charlie,Paris,BANANAS,SEASHELLS,4871.0,1
134000,Caesar,Penelope,PEARLS,SEASHELLS,9996.0,2
134100,Camilla,Paris,DIP,SEASHELLS,7060.0,7
134100,Charlie,Camilla,DIVING_GEAR,SEASHELLS,99018.0,3
134200,Paris,Charlie,BANANAS,SEASHELLS,4877.0,1
134200,Paris,Paris,PEARLS,SEASHELLS,9998.0,1
134300,Caesar,Paris,DIP,SEASHELLS,7059.0,4
134400,Paris,Charlie,BANANAS,SEASHELLS,4876.0,1
134400,Paris,Caesar,PEARLS,SEASHELLS,10004.0,1
134400,Caesar,Paris,DIP,SEASHELLS,7060.0,8
134400,Paris,Charlie,PEARLS,SEASHELLS,10004.0,1
134400,Paris,Charlie,BANANAS,SEASHELLS,4877.0,2
134500,Caesar,Camilla,DIP,SEASHELLS,7060.0,11
134600,Paris,Camilla,BERRIES,SEASHELLS,3891.0,2
134900,Caesar,Peter,PINA_COLADAS,SEASHELLS,14914.0,2
135000,Paris,Caesar,BAGUETTE,SEASHELLS,12099.0,7
135200,Paris,Camilla,PEARLS,SEASHELLS,10002.0,1
135200,Paris,Camilla,BANANAS,SEASHELLS,4875.0,1
135200,Paris,Caesar,DIP,SEASHELLS,7060.0,10
135400,Caesar,Paris,DIP,SEASHELLS,7061.0,5
135600,Camilla,Paris,BERRIES,SEASHELLS,3887.0,6
135700,Charlie,Penelope,PEARLS,SEASHELLS,9995.0,2
135700,Camilla,Paris,DIVING_GEAR,SEASHELLS,99010.0,3
135800,Paris,Caesar,UKULELE,SEASHELLS,20987.0,5
136000,Caesar,Paris,BAGUETTE,SEASHELLS,12099.0,6
136000,Caesar,Peter,COCONUTS,SEASHELLS,7947.0,9
136200,Caesar,Camilla,UKULELE,SEASHELLS,20989.0,5
136200,Caesar,Paris,DIP,SEASHELLS,7060.0,6
136500,Charlie,Pablo,BANANAS,SEASHELLS,4871.0,2
136600,Charlie,Paris,BANANAS,SEASHELLS,4869.0,1
136700,Paris,Caesar,BAGUETTE,SEASHELLS,12098.0,6
136900,Paris,Camilla,PEARLS,SEASHELLS,10002.0,2
136900,Paris,Caesar,UKULELE,SEASHELLS,20985.0,2
136900,Charlie,Peter,PINA_COLADAS,SEASHELLS,14907.0,3
136900,Paris,Camilla,BANANAS,SEASHELLS,4872.0,2
136900,Charlie,Paris,BANANAS,SEASHELLS,4868.0,1
137200,Paris,Paris,PEARLS,SEASHELLS,10002.0,1
137200,Charlie,Paris,BANANAS,SEASHELLS,4868.0,1
137300,Paris,Caesar,BAGUETTE,SEASHELLS,12091.0,8
137400,Caesar,Paris,DIP,SEASHELLS,7064.0,6
137500,Paris,Caesar,BANANAS,SEASHELLS,4874.0,2
137500,Charlie,Pablo,PINA_COLADAS,SEASHELLS,14899.0,8
137500,Paris,Camilla,PEARLS,SEASHELLS,10002.0,2
137500,Gina,Camilla,BANANAS,SEASHELLS,4873.0,7
137600,Paris,Caesar,UKULELE,SEASHELLS,21000.0,5
137800,Pablo,Charlie,PEARLS,SEASHELLS,10002.0,4
137800,Pablo,Paris,PEARLS,SEASHELLS,10002.0,1
138000,Charlie,Paris,PEARLS,SEASHELLS,9998.0,1
138000,Camilla,Paris,DIVING_GEAR,SEASHELLS,98962.0,1
138100,Camilla,Gary,BANANAS,SEASHELLS,4868.0,10
138200,Gary,Paris,PEARLS,SEASHELLS,10004.0,2
138200,Gary,Caesar,PEARLS,SEASHELLS,10004.0,2
138200,Charlie,Paris,BANANAS,SEASHELLS,4867.0,2
138200,Gary,Charlie,PEARLS,SEASHELLS,10004.0,6
138300,Charlie,Paris,PEARLS,SEASHELLS,9995.0,2
138300,Charlie,Paris,BANANAS,SEASHELLS,4868.0,2
138500,Charlie,Penelope,BANANAS,SEASHELLS,4867.0,5
138600,Caesar,Paris,DIP,SEASHELLS,7066.0,6
139200,Paris,Charlie,BANANAS,SEASHELLS,4873.0,1
139200,Paris,Charlie,PEARLS,SEASHELLS,10002.0,1
139300,Caesar,Camilla,DIP,SEASHELLS,7064.0,8
139300,Caesar,Paris,BAGUETTE,SEASHELLS,12073.0,8
139400,Gary,Caesar,PEARLS,SEASHELLS,10004.0,1
139400,Paris,Caesar,UKULELE,SEASHELLS,21028.0,5
139500,Charlie,Paris,BANANAS,SEASHELLS,4870.0,1
139800,Caesar,Paris,PEARLS,SEASHELLS,9998.0,1
139900,Caesar,Camilla,BAGUETTE,SEASHELLS,12071.0,9
139900,Penelope,Caesar,PICNIC_BASKET,SEASHELLS,73623.0,2
140300,Gary,Charlie,BANANAS,SEASHELLS,4877.0,16
140700,Charlie,Paris,DIVING_GEAR,SEASHELLS,98993.0,1
140700,Paris,Caesar,DIP,SEASHELLS,7070.0,8
140800,Charlie,Paris,BANANAS,SEASHELLS,4872.0,1
141000,Charlie,Penelope,BANANAS,SEASHELLS,4872.0,12
141300,Paris,Charlie,BANANAS,SEASHELLS,4878.0,1
141300,Paris,Caesar,PEARLS,SEASHELLS,10004.0,1
141500,Paris,Caesar,UKULELE,SEASHELLS,21024.0,3
141800,Paris,Caesar,UKULELE,SEASHELLS,21021.0,5
141800,Camilla,Paris,PEARLS,SEASHELLS,9998.0,1
141900,Gary,Camilla,PEARLS,SEASHELLS,10002.0,10
142400,Charlie,Paris,BANANAS,SEASHELLS,4871.0,1
142500,Peter,Caesar,COCONUTS,SEASHELLS,7938.0,10
142600,Caesar,Paris,BAGUETTE,SEASHELLS,12035.0,5
142600,Charlie,Paris,BANANAS,SEASHELLS,4871.0,1
142800,Caesar,Paris,UKULELE,SEASHELLS,21006.0,3
142800,Paris,Charlie,BANANAS,SEASHELLS,4876.0,1
142800,Charlie,Pablo,PEARLS,SEASHELLS,9998.0,5
142900,Caesar,Paris,UKULELE,SEASHELLS,21004.0,5
142900,Caesar,Paris,DIP,SEASHELLS,7063.0,4
143200,Paris,Charlie,PEARLS,SEASHELLS,10005.0,2
143200,Paris,Charlie,BANANAS,SEASHELLS,4877.0,2
143300,Gary,Charlie,PEARLS,SEASHELLS,10005.0,12
143300,Penelope,Charlie,BANANAS,SEASHELLS,4877.0,10
143400,Pablo,Charlie,BANANAS,SEASHELLS,4875.0,2
143500,Penelope,Camilla,BERRIES,SEASHELLS,3900.0,11
143500,Peter,Charlie,COCONUTS,SEASHELLS,7937.0,9
143500,Camilla,Pablo,PEARLS,SEASHELLS,9998.0,5
143600,Caesar,Paris,UKULELE,SEASHELLS,21005.0,4
143800,Paris,Caesar,DIP,SEASHELLS,7066.0,8
143800,Camilla,Paris,BANANAS,SEASHELLS,4871.0,2
143800,Camilla,Paris,PEARLS,SEASHELLS,9998.0,2
144000,Paris,Caesar,UKULELE,SEASHELLS,21014.0,2
144200,Caesar,Paris,UKULELE,SEASHELLS,21015.0,5
144200,Paris,Caesar,BAGUETTE,SEASHELLS,12035.0,5
144300,Paris,Paris,BANANAS,SEASHELLS,4876.0,1
144300,Charlie,Paris,PEARLS,SEASHELLS,9995.0,1
144600,Caesar,Paris,UKULELE,SEASHELLS,21021.0,4
144600,Charlie,Penelope,BANANAS,SEASHELLS,4871.0,5
144700,Charlie,Camilla,DIVING_GEAR,SEASHELLS,98977.0,1
145200,Paris,Camilla,BANANAS,SEASHELLS,4875.0,1
145300,Paris,Charlie,PEARLS,SEASHELLS,10002.0,1
145400,Camilla,Penelope,BERRIES,SEASHELLS,3895.0,13
145400,Caesar,Penelope,PICNIC_BASKET,SEASHELLS,73657.0,2
145800,Paris,Caesar,UKULELE,SEASHELLS,21023.0,2
145900,Paris,Caesar,DIP,SEASHELLS,7069.0,10
145900,Paris,Camilla,BERRIES,SEASHELLS,3902.0,10
146100,Paris,Caesar,UKULELE,SEASHELLS,21022.0,4
146100,Paris,Charlie,DIVING_GEAR,SEASHELLS,98998.0,3
146200,Paris,Caesar,PEARLS,SEASHELLS,10004.0,2
146200,Paris,Charlie,BANANAS,SEASHELLS,4876.0,2
146500,Charlie,Paris,BANANAS,SEASHELLS,4869.0,1
146500,Penelope,Caesar,BANANAS,SEASHELLS,4875.0,2
146500,Caesar,Paris,BAGUETTE,SEASHELLS,12022.0,5
146600,Camilla,Paris,PEARLS,SEASHELLS,9998.0,1
146700,Caesar,Paris,BAGUETTE,SEASHELLS,12020.0,3
146700,Charlie,Paris,DIVING_GEAR,SEASHELLS,98993.0,3
146800,Charlie,Gina,PEARLS,SEASHELLS,9998.0,6
146900,Camilla,Gary,BERRIES,SEASHELLS,3896.0,16
147000,Caesar,Penelope,PICNIC_BASKET,SEASHELLS,73627.0,2
147300,Charlie,Paris,PEARLS,SEASHELLS,9998.0,1
147300,Charlie,Gary,BANANAS,SEASHELLS,4869.0,14
147300,Caesar,Gary,BANANAS,SEASHELLS,4869.0,2
147400,Paris,Camilla,BERRIES,SEASHELLS,3905.0,4
147500,Charlie,Peter,COCONUTS,SEASHELLS,7927.0,8
147500,Camilla,Gary,PEARLS,SEASHELLS,9998.0,9
147800,Paris,Charlie,BANANAS,SEASHELLS,4872.0,1
148000,Paris,Charlie,DIVING_GEAR,SEASHELLS,98983.0,2
148000,Paris,Charlie,BANANAS,SEASHELLS,4872.0,1
148300,Paris,Camilla,DIVING_GEAR,SEASHELLS,98993.0,1
148300,Camilla,Pablo,BANANAS,SEASHELLS,4868.0,2
148300,Caesar,Camilla,UKULELE,SEASHELLS,21046.0,11
148300,Paris,Pablo,BANANAS,SEASHELLS,4868.0,1
148400,Paris,Charlie,PEARLS,SEASHELLS,10002.0,1
148400,Charlie,Paris,DIVING_GEAR,SEASHELLS,98982.0,1
148500,Caesar,Paris,DIP,SEASHELLS,7067.0,7
148600,Charlie,Paris,PEARLS,SEASHELLS,9998.0,1
148600,Charlie,Pablo,PEARLS,SEASHELLS,9998.0,4
148800,Camilla,Camilla,DIVING_GEAR,SEASHELLS,98980.0,2
148800,Caesar,Paris,UKULELE,SEASHELLS,21044.0,1
148900,Paris,Camilla,BANANAS,SEASHELLS,4873.0,2
148900,Paris,Camilla,PEARLS,SEASHELLS,10002.0,2
149000,Charlie,Paris,PEARLS,SEASHELLS,9998.0,1
149300,Caesar,Paris,PEARLS,SEASHELLS,9996.0,2
149300,Charlie,Paris,BANANAS,SEASHELLS,4869.0,2
149500,Charlie,Gina,BANANAS,SEASHELLS,4870.0,13
149500,Caesar,Paris,DIP,SEASHELLS,7058.0,7
149600,Charlie,Paris,PEARLS,SEASHELLS,9998.0,1
149700,Caesar,Camilla,DIP,SEASHELLS,7060.0,9
149700,Charlie,Peter,PINA_COLADAS,SEASHELLS,14890.0,4
149700,Gary,Charlie,PEARLS,SEASHELLS,10005.0,12
149900,Caesar,Paris,UKULELE,SEASHELLS,21050.0,5
150100,Paris,Caesar,UKULELE,SEASHELLS,21051.0,1
150200,Paris,Caesar,UKULELE,SEASHELLS,21052.0,4
150300,Caesar,Paris,BAGUETTE,SEASHELLS,12034.0,3
150300,Camilla,Camilla,DIVING_GEAR,SEASHELLS,98991.0,1
150300,Paris,Caesar,DIP,SEASHELLS,7062.0,4
150500,Caesar,Penelope,PEARLS,SEASHELLS,9996.0,2
150500,Camilla,Camilla,DIVING_GEAR,SEASHELLS,98994.0,3
150500,Penelope,Charlie,BANANAS,SEASHELLS,4875.0,7
150500,Charlie,Penelope,PEARLS,SEASHELLS,9996.0,1
150800,Paris,Caesar,UKULELE,SEASHELLS,21046.0,5
150900,Paris,Charlie,PEARLS,SEASHELLS,10002.0,1
151000,Paris,Camilla,BANANAS,SEASHELLS,4874.0,1
151400,Caesar,Paris,BANANAS,SEASHELLS,4870.0,1
151600,Caesar,Paris,BAGUETTE,SEASHELLS,12042.0,3
151700,Paris,Camilla,BERRIES,SEASHELLS,3905.0,4
151700,Caesar,Camilla,DIP,SEASHELLS,7065.0,7
151800,Caesar,Camilla,DIP,SEASHELLS,7064.0,8
151800,Caesar,Paris,DIP,SEASHELLS,7064.0,6
151900,Caesar,Camilla,DIP,SEASHELLS,7065.0,9
152000,Camilla,Paris,DIVING_GEAR,SEASHELLS,98953.0,3
152300,Paris,Caesar,BAGUETTE,SEASHELLS,12058.0,5
152400,Paris,Charlie,PEARLS,SEASHELLS,10005.0,1
152400,Paris,Charlie,BANANAS,SEASHELLS,4875.0,1
152500,Camilla,Paris,DIVING_GEAR,SEASHELLS,98942.0,3
152600,Camilla,Paris,BANANAS,SEASHELLS,4869.0,2
152600,Camilla,Paris,PEARLS,SEASHELLS,9998.0,2
152600,Charlie,Camilla,DIVING_GEAR,SEASHELLS,98940.0,1
152600,Gary,Charlie,BANANAS,SEASHELLS,4874.0,13
152800,Charlie,Paris,BANANAS,SEASHELLS,4868.0,1
152900,Paris,Caesar,DIP,SEASHELLS,7062.0,7
153000,Paris,Caesar,BAGUETTE,SEASHELLS,12052.0,4
153000,Camilla,Paris,BERRIES,SEASHELLS,3899.0,2
153000,Caesar,Paris,DIP,SEASHELLS,7060.0,6
153000,Paris,Caesar,UKULELE,SEASHELLS,21068.0,1
153200,Charlie,Paris,BANANAS,SEASHELLS,4867.0,1
153300,Charlie,Penelope,BANANAS,SEASHELLS,4867.0,10
153300,Caesar,Penelope,BANANAS,SEASHELLS,4867.0,1
153400,Camilla,Paris,BERRIES,SEASHELLS,3899.0,2
153600,Paris,Charlie,PEARLS,SEASHELLS,10002.0,1
153700,Charlie,Paris,BANANAS,SEASHELLS,4868.0,1
153700,Caesar,Paris,PEARLS,SEASHELLS,9996.0,1
153800,Paris,Caesar,UKULELE,SEASHELLS,21068.0,3
153900,Camilla,Pablo,PICNIC_BASKET,SEASHELLS,73672.0,8
154000,Paris,Caesar,BANANAS,SEASHELLS,4874.0,1
154200,Caesar,Peter,COCONUTS,SEASHELLS,7935.0,8
154300,Caesar,Paris,UKULELE,SEASHELLS,21066.0,5
154300,Caesar,Paris,DIP,SEASHELLS,7058.0,9
154400,Charlie,Paris,PEARLS,SEASHELLS,9998.0,1
154500,Paris,Camilla,BERRIES,SEASHELLS,3904.0,10
154700,Paris,Caesar,DIP,SEASHELLS,7059.0,7
154700,Paris,Charlie,BANANAS,SEASHELLS,4874.0,1
154700,Paris,Charlie,PEARLS,SEASHELLS,10002.0,1
154800,Caesar,Camilla,UKULELE,SEASHELLS,21062.0,7
154900,Penelope,Caesar,PICNIC_BASKET,SEASHELLS,73665.0,1
155000,Camilla,Penelope,BANANAS,SEASHELLS,4870.0,8
155100,Paris,Charlie,PEARLS,SEASHELLS,10005.0,2
155100,Paris,Paris,BANANAS,SEASHELLS,4870.0,1
155100,Paris,Caesar,DIP,SEASHELLS,7060.0,5
155600,Paris,Charlie,PEARLS,SEASHELLS,10002.0,1
155600,Caesar,Camilla,DIP,SEASHELLS,7055.0,11
155700,Pablo,Charlie,BANANAS,SEASHELLS,4873.0,5
156000,Caesar,Paris,UKULELE,SEASHELLS,21068.0,5
156200,Charlie,Penelope,BANANAS,SEASHELLS,4869.0,7
156200,Camilla,Penelope,BANANAS,SEASHELLS,4869.0,3
156300,Paris,Charlie,BANANAS,SEASHELLS,4874.0,1
156300,Paris,Charlie,PEARLS,SEASHELLS,10005.0,1
156400,Camilla,Paris,DIVING_GEAR,SEASHELLS,99026.0,3
156500,Charlie,Paris,BANANAS,SEASHELLS,4868.0,1
156700,Paris,Charlie,PEARLS,SEASHELLS,10002.0,1
156800,Caesar,Paris,BAGUETTE,SEASHELLS,12034.0,7
156800,Penelope,Camilla,BERRIES,SEASHELLS,3904.0,11
157100,Camilla,Penelope,PEARLS,SEASHELLS,9998.0,6
157200,Paris,Caesar,BAGUETTE,SEASHELLS,12037.0,6
157500,Paris,Gina,PEARLS,SEASHELLS,9998.0,1
157500,Paris,Charlie,BANANAS,SEASHELLS,4873.0,1
157700,Caesar,Paris,DIP,SEASHELLS,7055.0,9
157700,Paris,Charlie,BANANAS,SEASHELLS,4871.0,1
158000,Camilla,Paris,BERRIES,SEASHELLS,3897.0,6
158000,Charlie,Pablo,COCONUTS,SEASHELLS,7935.0,20
158000,Charlie,Paris,DIVING_GEAR,SEASHELLS,99015.0,3
158100,Penelope,Caesar,PICNIC_BASKET,SEASHELLS,73596.0,2
158200,Charlie,Caesar,BANANAS,SEASHELLS,4868.0,3
158300,Charlie,Pablo,BANANAS,SEASHELLS,4867.0,4
158400,Charlie,Paris,PEARLS,SEASHELLS,9998.0,1
158400,Camilla,Penelope,BERRIES,SEASHELLS,3896.0,15
158900,Charlie,Penelope,BANANAS,SEASHELLS,4866.0,6
158900,Caesar,Caesar,COCONUTS,SEASHELLS,7941.0,7
158900,Caesar,Caesar,COCONUTS,SEASHELLS,7941.0,48
159000,Camilla,Paris,DIVING_GEAR,SEASHELLS,99011.0,2
159100,Caesar,Paris,BAGUETTE,SEASHELLS,12038.0,5
159300,Caesar,Paris,UKULELE,SEASHELLS,21096.0,3
159600,Charlie,Paris,BANANAS,SEASHELLS,4866.0,1
159700,Gina,Charlie,BANANAS,SEASHELLS,4870.0,9
159800,Charlie,Gina,BANANAS,SEASHELLS,4865.0,6
159800,Caesar,Gina,BANANAS,SEASHELLS,4865.0,2
159900,Charlie,Penelope,BANANAS,SEASHELLS,4865.0,9
159900,Paris,Charlie,DIVING_GEAR,SEASHELLS,99010.0,2
160100,Paris,Charlie,DIVING_GEAR,SEASHELLS,99004.0,1
160200,Camilla,Paris,PEARLS,SEASHELLS,9998.0,1
160400,Camilla,Penelope,BERRIES,SEASHELLS,3895.0,14
160400,Paris,Caesar,BAGUETTE,SEASHELLS,12038.0,4
160500,Caesar,Penelope,PEARLS,SEASHELLS,9996.0,1
160500,Paris,Charlie,BANANAS,SEASHELLS,4872.0,1
160500,Charlie,Penelope,PEARLS,SEASHELLS,9996.0,6
160500,Paris,Camilla,BERRIES,SEASHELLS,3903.0,7
161100,Penelope,Camilla,BERRIES,SEASHELLS,3903.0,11
161300,Paris,Caesar,PEARLS,SEASHELLS,10004.0,2
161300,Caesar,Paris,UKULELE,SEASHELLS,21096.0,2
161300,Paris,Caesar,BANANAS,SEASHELLS,4871.0,2
161300,Paris,Caesar,DIP,SEASHELLS,7069.0,8
161400,Charlie,Paris,PEARLS,SEASHELLS,9998.0,1
161700,Caesar,Camilla,DIP,SEASHELLS,7069.0,3
161700,Paris,Camilla,BERRIES,SEASHELLS,3906.0,10
161800,Caesar,Gina,BANANAS,SEASHELLS,4864.0,1
161900,Pablo,Gina,PEARLS,SEASHELLS,10002.0,4
161900,Paris,Caesar,UKULELE,SEASHELLS,21090.0,4
162100,Caesar,Camilla,DIP,SEASHELLS,7071.0,5
162100,Gary,Paris,BANANAS,SEASHELLS,4865.0,1
162200,Charlie,Paris,BANANAS,SEASHELLS,4865.0,1
162300,Paris,Camilla,DIVING_GEAR,SEASHELLS,98957.0,3
162400,Charlie,Paris,BANANAS,SEASHELLS,4865.0,1
162500,Gary,Caesar,PEARLS,SEASHELLS,10004.0,2
162500,Caesar,Paris,DIP,SEASHELLS,7064.0,7
162500,Camilla,Paris,BERRIES,SEASHELLS,3899.0,10
162900,Charlie,Paris,DIVING_GEAR,SEASHELLS,98943.0,3
163000,Charlie,Paris,BANANAS,SEASHELLS,4866.0,1
163000,Caesar,Caesar,PINA_COLADAS,SEASHELLS,14888.0,20
163300,Paris,Gina,PEARLS,SEASHELLS,10002.0,1
163400,Caesar,Caesar,COCONUTS,SEASHELLS,7943.0,52
163500,Penelope,Charlie,PEARLS,SEASHELLS,10004.0,6
163500,Penelope,Caesar,PEARLS,SEASHELLS,10004.0,1
163600,Paris,Charlie,BANANAS,SEASHELLS,4871.0,1
163600,Caesar,Pablo,PICNIC_BASKET,SEASHELLS,73622.0,2
163600,Camilla,Pablo,PICNIC_BASKET,SEASHELLS,73621.0,6
163600,Charlie,Paris,DIVING_GEAR,SEASHELLS,98962.0,1
163800,Camilla,Camilla,DIVING_GEAR,SEASHELLS,98948.0,2
163800,Camilla,Paris,DIVING_GEAR,SEASHELLS,98948.0,1
163800,Charlie,Gina,BANANAS,SEASHELLS,4867.0,10
163900,Paris,Charlie,BANANAS,SEASHELLS,4871.0,1
163900,Paris,Caesar,DIP,SEASHELLS,7070.0,4
164000,Caesar,Paris,UKULELE,SEASHELLS,21093.0,2
164200,Paris,Caesar,BAGUETTE,SEASHELLS,12037.0,4
164300,Caesar,Paris,BAGUETTE,SEASHELLS,12036.0,5
164400,Caesar,Pablo,PINA_COLADAS,SEASHELLS,14897.0,15
164400,Charlie,Paris,BANANAS,SEASHELLS,4867.0,1
164500,Gary,Charlie,BANANAS,SEASHELLS,4873.0,16
164700,Gina,Charlie,PEARLS,SEASHELLS,10002.0,6
164700,Caesar,Camilla,UKULELE,SEASHELLS,21091.0,3
164700,Gina,Camilla,PEARLS,SEASHELLS,10002.0,6
164800,Paris,Caesar,BAGUETTE,SEASHELLS,12034.0,5
164900,Caesar,Paris,DIP,SEASHELLS,7072.0,8
164900,Caesar,Caesar,COCONUTS,SEASHELLS,7939.0,49
165000,Camilla,Paris,BERRIES,SEASHELLS,3899.0,7
165000,Charlie,Penelope,PEARLS,SEASHELLS,9996.0,5
165000,Caesar,Penelope,PEARLS,SEASHELLS,9996.0,1
165100,Paris,Caesar,BAGUETTE,SEASHELLS,12037.0,8
165100,Camilla,Paris,DIVING_GEAR,SEASHELLS,98949.0,1
165200,Caesar,Pablo,PICNIC_BASKET,SEASHELLS,73670.0,2
165200,Gina,Charlie,BANANAS,SEASHELLS,4873.0,10
165200,Camilla,Paris,PEARLS,SEASHELLS,9998.0,2
165200,Paris,Paris,BANANAS,SEASHELLS,4873.0,1
165200,Paris,Charlie,BANANAS,SEASHELLS,4873.0,0
165200,Camilla,Pablo,PICNIC_BASKET,SEASHELLS,73670.0,3
165200,Gina,Paris,BANANAS,SEASHELLS,4873.0,1
165400,Caesar,Camilla,DIP,SEASHELLS,7074.0,11
165600,Pablo,Charlie,PEARLS,SEASHELLS,10002.0,3
165600,Paris,Caesar,BAGUETTE,SEASHELLS,12036.0,8
165700,Camilla,Pablo,PICNIC_BASKET,SEASHELLS,73685.0,6
165700,Caesar,Pablo,PICNIC_BASKET,SEASHELLS,73685.0,1
165800,Charlie,Paris,DIVING_GEAR,SEASHELLS,98957.0,2
165800,Caesar,Paris,BAGUETTE,SEASHELLS,12035.0,6
166000,Caesar,Camilla,UKULELE,SEASHELLS,21101.0,11
166000,Paris,Charlie,PEARLS,SEASHELLS,10002.0,1
166100,Caesar,Camilla,UKULELE,SEASHELLS,21098.0,7
166100,Caesar,Paris,DIP,SEASHELLS,7071.0,8
166100,Paris,Caesar,UKULELE,SEASHELLS,21100.0,4
166200,Caesar,Paris,DIP,SEASHELLS,7071.0,7
166400,Pablo,Caesar,PICNIC_BASKET,SEASHELLS,73695.0,2
166500,Caesar,Camilla,BAGUETTE,SEASHELLS,12042.0,9
166800,Camilla,Pablo,PICNIC_BASKET,SEASHELLS,73699.0,4
166800,Caesar,Pablo,PICNIC_BASKET,SEASHELLS,73705.0,2
166900,Charlie,Pablo,BANANAS,SEASHELLS,4866.0,2
167100,Camilla,Camilla,DIVING_GEAR,SEASHELLS,98962.0,3
167200,Pablo,Caesar,PICNIC_BASKET,SEASHELLS,73703.0,1
167300,Charlie,Pablo,PEARLS,SEASHELLS,9998.0,3
167500,Caesar,Caesar,PINA_COLADAS,SEASHELLS,14891.0,20
167600,Charlie,Paris,BANANAS,SEASHELLS,4863.0,1
167600,Caesar,Paris,PEARLS,SEASHELLS,9998.0,1
167700,Charlie,Pablo,PEARLS,SEASHELLS,9998.0,1
167800,Pablo,Charlie,BANANAS,SEASHELLS,4866.0,2
167800,Caesar,Paris,BAGUETTE,SEASHELLS,12051.0,7
167900,Caesar,Caesar,COCONUTS,SEASHELLS,7937.0,47
168100,Penelope,Camilla,BERRIES,SEASHELLS,3900.0,15
168100,Paris,Charlie,DIVING_GEAR,SEASHELLS,98928.0,2
168300,Paris,Caesar,UKULELE,SEASHELLS,21085.0,3
168500,Paris,Caesar,DIP,SEASHELLS,7073.0,8
168600,Camilla,Camilla,DIVING_GEAR,SEASHELLS,98918.0,1
168700,Camilla,Paris,BANANAS,SEASHELLS,4862.0,1
169000,Penelope,Camilla,BERRIES,SEASHELLS,3902.0,12
169100,Charlie,Pablo,PEARLS,SEASHELLS,9998.0,4
169500,Paris,Camilla,PEARLS,SEASHELLS,10002.0,1
169600,Camilla,Paris,BANANAS,SEASHELLS,4862.0,1
169700,Caesar,Paris,BAGUETTE,SEASHELLS,12054.0,8
169700,Caesar,Paris,PEARLS,SEASHELLS,9996.0,1
169700,Charlie,Paris,BANANAS,SEASHELLS,4861.0,1
169700,Caesar,Camilla,DIP,SEASHELLS,7074.0,3
169800,Camilla,Gary,BERRIES,SEASHELLS,3895.0,10
169900,Paris,Charlie,PEARLS,SEASHELLS,10002.0,1
170100,Caesar,Paris,PEARLS,SEASHELLS,9998.0,1
170300,Caesar,Paris,BAGUETTE,SEASHELLS,12042.0,4
170400,Charlie,Gary,BANANAS,SEASHELLS,4862.0,13
170500,Pablo,Caesar,PICNIC_BASKET,SEASHELLS,73685.0,2
170700,Charlie,Paris,DIVING_GEAR,SEASHELLS,98885.0,3
170800,Gary,Caesar,PEARLS,SEASHELLS,10004.0,1
170900,Camilla,Pablo,PICNIC_BASKET,SEASHELLS,73652.0,4
170900,Caesar,Pablo,PICNIC_BASKET,SEASHELLS,73653.0,1
170900,Caesar,Camilla,DIP,SEASHELLS,7070.0,9
171000,Charlie,Pablo,BANANAS,SEASHELLS,4862.0,1
171000,Pablo,Charlie,PEARLS,SEASHELLS,10002.0,1
171100,Charlie,Peter,COCONUTS,SEASHELLS,7944.0,9
171200,Paris,Caesar,PEARLS,SEASHELLS,10004.0,1
171200,Paris,Charlie,BANANAS,SEASHELLS,4868.0,1
171200,Paris,Caesar,BAGUETTE,SEASHELLS,12052.0,4
171400,Caesar,Paris,DIP,SEASHELLS,7070.0,4
171400,Charlie,Pablo,BANANAS,SEASHELLS,4862.0,4
171500,Caesar,Camilla,DIP,SEASHELLS,7072.0,3
171600,Paris,Caesar,BAGUETTE,SEASHELLS,12043.0,7
171700,Caesar,Paris,UKULELE,SEASHELLS,21061.0,2
171800,Paris,Charlie,BANANAS,SEASHELLS,4866.0,1
171900,Charlie,Paris,PEARLS,SEASHELLS,9998.0,1
172000,Paris,Caesar,BAGUETTE,SEASHELLS,12044.0,5
172100,Caesar,Paris,BAGUETTE,SEASHELLS,12042.0,4
172300,Pablo,Charlie,PEARLS,SEASHELLS,10002.0,3
172300,Pablo,Paris,PEARLS,SEASHELLS,10002.0,1
172400,Charlie,Peter,PINA_COLADAS,SEASHELLS,14911.0,5
172400,Caesar,Paris,BANANAS,SEASHELLS,4861.0,1
172400,Camilla,Camilla,DIVING_GEAR,SEASHELLS,98872.0,3
172500,Caesar,Paris,DIP,SEASHELLS,7075.0,7
172700,Caesar,Camilla,DIP,SEASHELLS,7073.0,10
172700,Charlie,Pablo,BANANAS,SEASHELLS,4862.0,3
172700,Paris,Pablo,BANANAS,SEASHELLS,4862.0,1
172700,Caesar,Paris,BAGUETTE,SEASHELLS,12036.0,7
173000,Charlie,Pablo,PEARLS,SEASHELLS,9998.0,3
173200,Caesar,Paris,UKULELE,SEASHELLS,21074.0,3
173300,Caesar,Paris,BANANAS,SEASHELLS,4862.0,1
173300,Caesar,Camilla,DIP,SEASHELLS,7071.0,4
173300,Paris,Caesar,UKULELE,SEASHELLS,21079.0,2
173400,Paris,Caesar,UKULELE,SEASHELLS,21077.0,1
173700,Caesar,Camilla,DIP,SEASHELLS,7070.0,6
173900,Charlie,Penelope,PEARLS,SEASHELLS,9995.0,4
174000,Caesar,Caesar,COCONUTS,SEASHELLS,7944.0,58
174100,Charlie,Penelope,PEARLS,SEASHELLS,9995.0,4
174200,Camilla,Paris,PEARLS,SEASHELLS,9998.0,1
174300,Camilla,Pablo,PICNIC_BASKET,SEASHELLS,73716.0,8
174400,Paris,Camilla,DIVING_GEAR,SEASHELLS,98921.0,3
174500,Caesar,Paris,UKULELE,SEASHELLS,21079.0,1
174700,Caesar,Peter,PINA_COLADAS,SEASHELLS,14915.0,5
175000,Caesar,Caesar,COCONUTS,SEASHELLS,7942.0,40
175000,Paris,Caesar,DIP,SEASHELLS,7074.0,8
175100,Paris,Camilla,BANANAS,SEASHELLS,4865.0,1
175100,Caesar,Penelope,PEARLS,SEASHELLS,9996.0,2
175100,Caesar,Camilla,DIP,SEASHELLS,7073.0,8
175500,Paris,Caesar,UKULELE,SEASHELLS,21090.0,2
175500,Charlie,Paris,BANANAS,SEASHELLS,4859.0,2
175500,Charlie,Paris,PEARLS,SEASHELLS,9995.0,2
175500,Charlie,Paris,BANANAS,SEASHELLS,4860.0,1
175600,Charlie,Paris,BANANAS,SEASHELLS,4859.0,1
175600,Camilla,Pablo,PICNIC_BASKET,SEASHELLS,73751.0,7
175700,Paris,Charlie,PEARLS,SEASHELLS,10002.0,1
175700,Peter,Charlie,COCONUTS,SEASHELLS,7943.0,8
175900,Caesar,Paris,DIP,SEASHELLS,7066.0,10
176100,Paris,Charlie,PEARLS,SEASHELLS,10002.0,1
176200,Paris,Camilla,BANANAS,SEASHELLS,4865.0,1
176300,Peter,Charlie,PINA_COLADAS,SEASHELLS,14905.0,3
176400,Charlie,Pablo,PEARLS,SEASHELLS,9998.0,5
176400,Charlie,Gary,BANANAS,SEASHELLS,4860.0,12
176500,Caesar,Paris,UKULELE,SEASHELLS,21112.0,3
176500,Caesar,Camilla,DIP,SEASHELLS,7065.0,12
176700,Caesar,Paris,BAGUETTE,SEASHELLS,12064.0,5
176800,Caesar,Paris,UKULELE,SEASHELLS,21112.0,5
176900,Gary,Charlie,PEARLS,SEASHELLS,10005.0,8
177200,Paris,Camilla,BANANAS,SEASHELLS,4865.0,1
177300,Charlie,Peter,PINA_COLADAS,SEASHELLS,14905.0,2
177400,Paris,Caesar,UKULELE,SEASHELLS,21119.0,2
177500,Caesar,Paris,DIP,SEASHELLS,7063.0,7
177600,Paris,Charlie,BANANAS,SEASHELLS,4865.0,2
177600,Paris,Caesar,PEARLS,SEASHELLS,10004.0,1
177600,Caesar,Paris,BANANAS,SEASHELLS,4859.0,1
177600,Paris,Charlie,PEARLS,SEASHELLS,10004.0,1
177600,Paris,Caesar,UKULELE,SEASHELLS,21124.0,3
177700,Camilla,Paris,BANANAS,SEASHELLS,4859.0,1
178000,Caesar,Paris,DIP,SEASHELLS,7062.0,6
178000,Penelope,Caesar,PICNIC_BASKET,SEASHELLS,73840.0,1
178200,Camilla,Penelope,BERRIES,SEASHELLS,3904.0,13
178200,Paris,Caesar,DIP,SEASHELLS,7064.0,10
178400,Charlie,Peter,COCONUTS,SEASHELLS,7941.0,10
178500,Charlie,Paris,BANANAS,SEASHELLS,4860.0,1
178600,Paris,Camilla,BANANAS,SEASHELLS,4866.0,1
179000,Charlie,Gina,BANANAS,SEASHELLS,4861.0,11
179100,Caesar,Pablo,PINA_COLADAS,SEASHELLS,14912.0,7
179300,Paris,Caesar,DIP,SEASHELLS,7055.0,10
179400,Paris,Camilla,DIVING_GEAR,SEASHELLS,98856.0,1
179400,Pablo,Charlie,BANANAS,SEASHELLS,4866.0,1
179600,Caesar,Paris,DIP,SEASHELLS,7060.0,7
179800,Caesar,Peter,COCONUTS,SEASHELLS,7942.0,5
179800,Caesar,Paris,BAGUETTE,SEASHELLS,12040.0,8
179900,Caesar,Paris,DIP,SEASHELLS,7058.0,4
179900,Camilla,Camilla,DIVING_GEAR,SEASHELLS,98861.0,1
179900,Caesar,Paris,UKULELE,SEASHELLS,21122.0,5
180000,Pablo,Charlie,PEARLS,SEASHELLS,10002.0,5
180000,Paris,Charlie,BANANAS,SEASHELLS,4866.0,1
180200,Charlie,Paris,BANANAS,SEASHELLS,4861.0,1
180300,Camilla,Penelope,PICNIC_BASKET,SEASHELLS,73748.0,7
180600,Gary,Caesar,PEARLS,SEASHELLS,10000.0,3
180600,Caesar,Paris,DIP,SEASHELLS,7058.0,8
180700,Paris,Camilla,DIVING_GEAR,SEASHELLS,98845.0,2
180700,Camilla,Paris,BERRIES,SEASHELLS,3904.0,1
180700,Caesar,Penelope,PEARLS,SEASHELLS,9996.0,1
180900,Camilla,Paris,PEARLS,SEASHELLS,9998.0,1
181000,Pablo,Caesar,COCONUTS,SEASHELLS,7945.0,17
181100,Penelope,Caesar,PICNIC_BASKET,SEASHELLS,73804.0,1
181200,Caesar,Penelope,PEARLS,SEASHELLS,9996.0,2
181200,Caesar,Camilla,DIP,SEASHELLS,7059.0,3
181200,Charlie,Penelope,PEARLS,SEASHELLS,9996.0,4
181400,Camilla,Paris,BERRIES,SEASHELLS,3907.0,5
181600,Charlie,Paris,PEARLS,SEASHELLS,9995.0,2
181600,Charlie,Paris,BANANAS,SEASHELLS,4862.0,2
181700,Paris,Caesar,DIP,SEASHELLS,7059.0,10
181900,Caesar,Camilla,UKULELE,SEASHELLS,21124.0,10
182000,Paris,Caesar,BAGUETTE,SEASHELLS,12047.0,3
182100,Camilla,Penelope,BERRIES,SEASHELLS,3907.0,11
182100,Pablo,Charlie,PEARLS,SEASHELLS,10002.0,5
182100,Charlie,Paris,BANANAS,SEASHELLS,4861.0,1
182100,Penelope,Caesar,PEARLS,SEASHELLS,10004.0,2
182100,Penelope,Charlie,PEARLS,SEASHELLS,10004.0,3
182200,Camilla,Paris,BERRIES,SEASHELLS,3907.0,10
182300,Penelope,Charlie,PEARLS,SEASHELLS,10005.0,7
182300,Gary,Charlie,PEARLS,SEASHELLS,10005.0,8
182400,Paris,Caesar,UKULELE,SEASHELLS,21138.0,3
182500,Pablo,Charlie,PEARLS,SEASHELLS,10002.0,3
182600,Penelope,Camilla,BANANAS,SEASHELLS,4866.0,4
182800,Charlie,Gina,BANANAS,SEASHELLS,4862.0,9
182800,Paris,Gina,BANANAS,SEASHELLS,4866.0,1
183000,Paris,Caesar,PEARLS,SEASHELLS,10004.0,1
183000,Paris,Charlie,BANANAS,SEASHELLS,4867.0,1
183000,Caesar,Paris,UKULELE,SEASHELLS,21140.0,3
183200,Charlie,Paris,PEARLS,SEASHELLS,9998.0,1
183400,Caesar,Paris,DIP,SEASHELLS,7054.0,8
183500,Caesar,Paris,BAGUETTE,SEASHELLS,12048.0,5
183600,Pablo,Camilla,PICNIC_BASKET,SEASHELLS,73865.0,5
183600,Camilla,Paris,BANANAS,SEASHELLS,4861.0,1
183600,Pablo,Caesar,PICNIC_BASKET,SEASHELLS,73865.0,1
183700,Caesar,Paris,UKULELE,SEASHELLS,21140.0,1
183700,Charlie,Peter,COCONUTS,SEASHELLS,7944.0,8
183800,Paris,Caesar,UKULELE,SEASHELLS,21139.0,1
183800,Camilla,Paris,BANANAS,SEASHELLS,4861.0,1
183800,Pablo,Charlie,PEARLS,SEASHELLS,10002.0,2
183800,Paris,Charlie,PEARLS,SEASHELLS,10002.0,1
184000,Paris,Camilla,DIVING_GEAR,SEASHELLS,98863.0,2
184200,Charlie,Pablo,PEARLS,SEASHELLS,9998.0,1
184200,Caesar,Paris,UKULELE,SEASHELLS,21132.0,2
184300,Paris,Charlie,BANANAS,SEASHELLS,4865.0,1
184400,Paris,Caesar,UKULELE,SEASHELLS,21135.0,5
184800,Paris,Camilla,BERRIES,SEASHELLS,3912.0,4
185000,Camilla,Paris,BERRIES,SEASHELLS,3906.0,4
185000,Caesar,Camilla,BAGUETTE,SEASHELLS,12053.0,6
185100,Paris,Charlie,BANANAS,SEASHELLS,4865.0,1
185100,Penelope,Caesar,PEARLS,SEASHELLS,10004.0,1
185100,Penelope,Charlie,PEARLS,SEASHELLS,10004.0,5
185100,Paris,Camilla,BERRIES,SEASHELLS,3913.0,7
185200,Charlie,Paris,BANANAS,SEASHELLS,4861.0,1
185300,Paris,Camilla,BANANAS,SEASHELLS,4865.0,1
185300,Caesar,Paris,BANANAS,SEASHELLS,4863.0,2
185300,Charlie,Paris,PEARLS,SEASHELLS,9996.0,1
185300,Caesar,Paris,PEARLS,SEASHELLS,9996.0,1
185400,Caesar,Camilla,DIP,SEASHELLS,7061.0,12
185700,Pablo,Caesar,PICNIC_BASKET,SEASHELLS,73888.0,1
185800,Camilla,Paris,DIVING_GEAR,SEASHELLS,98865.0,1
186000,Paris,Pablo,PEARLS,SEASHELLS,9998.0,1
186000,Charlie,Pablo,BANANAS,SEASHELLS,4860.0,3
186000,Charlie,Pablo,PEARLS,SEASHELLS,9998.0,3
186200,Paris,Caesar,UKULELE,SEASHELLS,21129.0,4
186300,Paris,Charlie,BANANAS,SEASHELLS,4864.0,1
186300,Charlie,Paris,DIVING_GEAR,SEASHELLS,98845.0,1
186400,Caesar,Paris,UKULELE,SEASHELLS,21121.0,3
186500,Paris,Camilla,PEARLS,SEASHELLS,10002.0,1
186600,Paris,Caesar,BAGUETTE,SEASHELLS,12045.0,5
186600,Camilla,Penelope,PEARLS,SEASHELLS,9998.0,5
186600,Gary,Camilla,BERRIES,SEASHELLS,3912.0,16
186600,Camilla,Charlie,DIVING_GEAR,SEASHELLS,98834.0,1
186800,Penelope,Camilla,BERRIES,SEASHELLS,3912.0,11
186800,Caesar,Paris,BAGUETTE,SEASHELLS,12041.0,6
186800,Paris,Caesar,DIP,SEASHELLS,7064.0,4
186900,Paris,Charlie,DIVING_GEAR,SEASHELLS,98839.0,3
187000,Pablo,Camilla,PEARLS,SEASHELLS,10002.0,1
