timestamp,buyer,seller,symbol,currency,price,quantity
0,Paris,Camilla,BERRIES,SEASHELLS,4003.0,6
100,Paris,Camilla,PEARLS,SEASHELLS,10002.0,1
100,Camilla,Paris,DIVING_GEAR,SEASHELLS,99999.0,1
300,Charlie,Pablo,PEARLS,SEASHELLS,9998.0,2
300,Charlie,Paris,PEARLS,SEASHELLS,9998.0,1
400,Penelope,Charlie,BANANAS,SEASHELLS,4899.0,9
500,Paris,Charlie,BANANAS,SEASHELLS,4899.0,1
500,Paris,Charlie,PEARLS,SEASHELLS,10002.0,1
500,Paris,Caesar,PEARLS,SEASHELLS,10004.0,1
700,Camilla,Penelope,BERRIES,SEASHELLS,3997.0,11
1200,Peter,Caesar,COCONUTS,SEASHELLS,8114.0,10
1400,Caesar,Paris,BANANAS,SEASHELLS,4891.0,1
1500,Paris,Charlie,PEARLS,SEASHELLS,10002.0,1
1500,Paris,Charlie,BANANAS,SEASHELLS,4896.0,1
1700,Penelope,Charlie,PEARLS,SEASHELLS,10005.0,6
2200,Gary,Charlie,BANANAS,SEASHELLS,4896.0,16
2400,Pablo,Charlie,BANANAS,SEASHELLS,4894.0,3
2500,Charlie,Pablo,BANANAS,SEASHELLS,4891.0,5
2700,Camilla,Pablo,PEARLS,SEASHELLS,9998.0,5
2800,Paris,Charlie,BANANAS,SEASHELLS,4895.0,1
2800,Penelope,Camilla,BERRIES,SEASHELLS,4004.0,14
2900,Gina,Paris,PEARLS,SEASHELLS,9998.0,1
3100,Charlie,Paris,BANANAS,SEASHELLS,4891.0,1
3300,Caesar,Gary,PEARLS,SEASHELLS,9996.0,2
3300,Penelope,Gary,PEARLS,SEASHELLS,9996.0,2
3700,Paris,Camilla,BANANAS,SEASHELLS,4897.0,1
4000,Caesar,Caesar,COCONUTS,SEASHELLS,8103.0,48
4200,Caesar,Gina,BANANAS,SEASHELLS,4893.0,2
4200,Charlie,Gina,BANANAS,SEASHELLS,4893.0,10
4300,Camilla,Gary,BERRIES,SEASHELLS,3998.0,10
4300,Charlie,Penelope,PEARLS,SEASHELLS,9996.0,1
4300,Charlie,Paris,PEARLS,SEASHELLS,9995.0,1
4300,Charlie,Paris,BANANAS,SEASHELLS,4892.0,1
4300,Caesar,Penelope,PEARLS,SEASHELLS,9996.0,2
4400,Caesar,Paris,BANANAS,SEASHELLS,4893.0,1
4400,Charlie,Paris,PEARLS,SEASHELLS,9998.0,1
4700,Charlie,Gina,BANANAS,SEASHELLS,4893.0,8
4700,Camilla,Gina,BANANAS,SEASHELLS,4893.0,4
4800,Paris,Charlie,BANANAS,SEASHELLS,4898.0,1
4800,Pablo,Charlie,PEARLS,SEASHELLS,10002.0,3
4900,Charlie,Pablo,PEARLS,SEASHELLS,9998.0,4
4900,Paris,Pablo,PEARLS,SEASHELLS,9998.0,1
5100,Camilla,Pablo,BANANAS,SEASHELLS,4894.0,2
5100,Paris,Pablo,BANANAS,SEASHELLS,4894.0,1
5400,Camilla,Olivia,BERRIES,SEASHELLS,4000.0,17
6200,Charlie,Gina,BANANAS,SEASHELLS,4895.0,12
6200,Caesar,Gina,BANANAS,SEASHELLS,4895.0,1
6300,Penelope,Charlie,BANANAS,SEASHELLS,4901.0,6
6300,Caesar,Caesar,COCONUTS,SEASHELLS,8099.0,52
6300,Charlie,Paris,BANANAS,SEASHELLS,4894.0,1
6300,Pablo,Peter,BERRIES,SEASHELLS,4003.0,1
6600,Gary,Charlie,BANANAS,SEASHELLS,4901.0,18
6700,Pablo,Charlie,PEARLS,SEASHELLS,10002.0,4
6800,Camilla,Gary,PEARLS,SEASHELLS,9998.0,1
6800,Caesar,Paris,PEARLS,SEASHELLS,9996.0,1
6800,Charlie,Paris,PEARLS,SEASHELLS,9996.0,1
6800,Camilla,Paris,BANANAS,SEASHELLS,4894.0,1
6800,Charlie,Paris,BANANAS,SEASHELLS,4894.0,1
6900,Paris,Charlie,DIVING_GEAR,SEASHELLS,99913.0,2
7200,Paris,Caesar,PEARLS,SEASHELLS,10004.0,1
7200,Paris,Caesar,BANANAS,SEASHELLS,4899.0,1
7300,Camilla,Paris,BERRIES,SEASHELLS,3999.0,5
7400,Charlie,Paris,DIVING_GEAR,SEASHELLS,99893.0,2
7400,Paris,Charlie,PEARLS,SEASHELLS,10002.0,1
7600,Caesar,Penelope,BANANAS,SEASHELLS,4895.0,2
7700,Paris,Charlie,BANANAS,SEASHELLS,4900.0,1
7700,Paris,Charlie,BANANAS,SEASHELLS,4901.0,1
7700,Paris,Charlie,PEARLS,SEASHELLS,10005.0,1
7800,Paris,Charlie,BANANAS,SEASHELLS,4900.0,1
7900,Paris,Camilla,BANANAS,SEASHELLS,4900.0,1
7900,Paris,Camilla,PEARLS,SEASHELLS,10002.0,1
8200,Pablo,Camilla,BANANAS,SEASHELLS,4901.0,2
8200,Charlie,Pablo,PEARLS,SEASHELLS,9998.0,1
8300,Penelope,Camilla,BERRIES,SEASHELLS,4004.0,15
8400,Charlie,Paris,DIVING_GEAR,SEASHELLS,99906.0,2
8600,Camilla,Camilla,DIVING_GEAR,SEASHELLS,99898.0,2
8700,Charlie,Pablo,BANANAS,SEASHELLS,4898.0,1
8900,Pablo,Charlie,PEARLS,SEASHELLS,10002.0,5
9600,Charlie,Paris,BANANAS,SEASHELLS,4896.0,1
10300,Paris,Caesar,PEARLS,SEASHELLS,10004.0,2
10300,Paris,Pablo,BANANAS,SEASHELLS,4896.0,2
10500,Paris,Charlie,DIVING_GEAR,SEASHELLS,99894.0,1
10600,Charlie,Paris,PEARLS,SEASHELLS,9998.0,1
10600,Charlie,Pablo,PEARLS,SEASHELLS,9998.0,1
10800,Paris,Charlie,PEARLS,SEASHELLS,10002.0,1
10800,Camilla,Paris,BANANAS,SEASHELLS,4895.0,1
11100,Caesar,Penelope,PEARLS,SEASHELLS,9996.0,2
11200,Charlie,Pablo,PINA_COLADAS,SEASHELLS,15174.0,8
11300,Pablo,Charlie,BANANAS,SEASHELLS,4898.0,1
11400,Camilla,Paris,PEARLS,SEASHELLS,9998.0,1
11900,Camilla,Penelope,BERRIES,SEASHELLS,3993.0,10
12000,Caesar,Caesar,PINA_COLADAS,SEASHELLS,15171.0,27
12000,Caesar,Caesar,PINA_COLADAS,SEASHELLS,15171.0,11
12100,Paris,Camilla,PEARLS,SEASHELLS,10002.0,1
12300,Paris,Camilla,BERRIES,SEASHELLS,4001.0,5
12300,Paris,Caesar,PEARLS,SEASHELLS,10002.0,1
12500,Pablo,Charlie,PEARLS,SEASHELLS,10002.0,5
12900,Peter,Caesar,COCONUTS,SEASHELLS,8084.0,10
13700,Caesar,Paris,PEARLS,SEASHELLS,9998.0,1
14000,Paris,Paris,BANANAS,SEASHELLS,4899.0,1
14000,Caesar,Paris,PEARLS,SEASHELLS,9996.0,1
14300,Caesar,Paris,BANANAS,SEASHELLS,4894.0,1
14500,Charlie,Paris,BANANAS,SEASHELLS,4894.0,1
14800,Caesar,Paris,BANANAS,SEASHELLS,4894.0,1
14800,Camilla,Paris,DIVING_GEAR,SEASHELLS,99843.0,3
15000,Camilla,Camilla,DIVING_GEAR,SEASHELLS,99849.0,3
15100,Paris,Charlie,BANANAS,SEASHELLS,4899.0,1
15100,Paris,Charlie,PEARLS,SEASHELLS,10002.0,1
15400,Paris,Camilla,BANANAS,SEASHELLS,4898.0,1
15400,Paris,Camilla,PEARLS,SEASHELLS,10002.0,1
15500,Peter,Charlie,PINA_COLADAS,SEASHELLS,15163.0,3
15800,Camilla,Pablo,PEARLS,SEASHELLS,9998.0,4
16000,Charlie,Penelope,BANANAS,SEASHELLS,4892.0,10
16300,Camilla,Paris,DIVING_GEAR,SEASHELLS,99832.0,3
16700,Charlie,Paris,BANANAS,SEASHELLS,4893.0,1
16800,Paris,Camilla,PEARLS,SEASHELLS,10002.0,2
16800,Paris,Camilla,BANANAS,SEASHELLS,4898.0,2
17100,Camilla,Paris,BANANAS,SEASHELLS,4894.0,1
17300,Penelope,Pablo,BANANAS,SEASHELLS,4895.0,2
17300,Charlie,Paris,PEARLS,SEASHELLS,9998.0,1
17800,Paris,Charlie,DIVING_GEAR,SEASHELLS,99798.0,3
18200,Camilla,Camilla,DIVING_GEAR,SEASHELLS,99793.0,3
18600,Paris,Camilla,PEARLS,SEASHELLS,10002.0,1
18900,Paris,Caesar,PEARLS,SEASHELLS,10004.0,1
18900,Paris,Charlie,BANANAS,SEASHELLS,4901.0,2
19000,Charlie,Paris,BANANAS,SEASHELLS,4894.0,1
19600,Caesar,Caesar,PINA_COLADAS,SEASHELLS,15178.0,11
19600,Caesar,Caesar,PINA_COLADAS,SEASHELLS,15178.0,29
19600,Paris,Charlie,DIVING_GEAR,SEASHELLS,99816.0,3
19700,Paris,Camilla,BERRIES,SEASHELLS,3996.0,4
20100,Camilla,Paris,PEARLS,SEASHELLS,9998.0,1
20300,Paris,Camilla,DIVING_GEAR,SEASHELLS,99834.0,2
20300,Charlie,Penelope,BANANAS,SEASHELLS,4893.0,10
20600,Paris,Charlie,BANANAS,SEASHELLS,4899.0,1
20600,Paris,Caesar,PEARLS,SEASHELLS,10004.0,1
20800,Paris,Charlie,BANANAS,SEASHELLS,4896.0,1
20900,Penelope,Caesar,PEARLS,SEASHELLS,10004.0,1
21100,Charlie,Pablo,COCONUTS,SEASHELLS,8092.0,29
21100,Camilla,Paris,BANANAS,SEASHELLS,4891.0,1
21100,Caesar,Paris,BANANAS,SEASHELLS,4891.0,1
21100,Charlie,Paris,PEARLS,SEASHELLS,9998.0,1
21100,Camilla,Paris,PEARLS,SEASHELLS,9998.0,1
21300,Charlie,Paris,BANANAS,SEASHELLS,4891.0,1
21500,Pablo,Charlie,BANANAS,SEASHELLS,4896.0,4
21600,Caesar,Paris,BANANAS,SEASHELLS,4892.0,1
21600,Paris,Charlie,PEARLS,SEASHELLS,10002.0,1
21800,Camilla,Paris,BANANAS,SEASHELLS,4893.0,1
21800,Peter,Charlie,COCONUTS,SEASHELLS,8094.0,10
21900,Caesar,Paris,BANANAS,SEASHELLS,4893.0,1
21900,Camilla,Penelope,BERRIES,SEASHELLS,3988.0,13
21900,Caesar,Paris,PEARLS,SEASHELLS,9996.0,1
22000,Caesar,Paris,BANANAS,SEASHELLS,4892.0,1
22000,Penelope,Caesar,PEARLS,SEASHELLS,10000.0,2
22100,Charlie,Paris,BANANAS,SEASHELLS,4892.0,1
22100,Caesar,Paris,PEARLS,SEASHELLS,9996.0,1
22400,Pablo,Charlie,PEARLS,SEASHELLS,10002.0,2
22400,Pablo,Paris,PEARLS,SEASHELLS,10002.0,1
22500,Gina,Charlie,PEARLS,SEASHELLS,10002.0,6
22700,Camilla,Paris,DIVING_GEAR,SEASHELLS,99788.0,3
22900,Paris,Camilla,BERRIES,SEASHELLS,3994.0,1
23000,Camilla,Paris,DIVING_GEAR,SEASHELLS,99772.0,1
23100,Charlie,Paris,DIVING_GEAR,SEASHELLS,99773.0,3
23200,Charlie,Paris,PEARLS,SEASHELLS,9998.0,1
23200,Charlie,Gary,BANANAS,SEASHELLS,4891.0,14
23600,Pablo,Camilla,BANANAS,SEASHELLS,4895.0,3
23800,Camilla,Camilla,DIVING_GEAR,SEASHELLS,99782.0,1
23900,Paris,Charlie,BANANAS,SEASHELLS,4896.0,1
24000,Charlie,Paris,DIVING_GEAR,SEASHELLS,99772.0,1
24200,Camilla,Paris,PEARLS,SEASHELLS,9998.0,1
24300,Pablo,Charlie,PEARLS,SEASHELLS,10002.0,5
24300,Paris,Charlie,PEARLS,SEASHELLS,10002.0,1
24500,Pablo,Charlie,BANANAS,SEASHELLS,4894.0,4
24500,Charlie,Pablo,PEARLS,SEASHELLS,9998.0,1
24500,Pablo,Paris,BANANAS,SEASHELLS,4894.0,1
24500,Charlie,Paris,PEARLS,SEASHELLS,9998.0,1
24700,Paris,Caesar,PEARLS,SEASHELLS,10004.0,1
24700,Paris,Caesar,BANANAS,SEASHELLS,4896.0,1
25100,Caesar,Penelope,BANANAS,SEASHELLS,4892.0,6
25100,Charlie,Penelope,BANANAS,SEASHELLS,4892.0,1
25100,Paris,Penelope,BANANAS,SEASHELLS,4892.0,2
25100,Paris,Charlie,PEARLS,SEASHELLS,10005.0,2
25200,Charlie,Paris,BANANAS,SEASHELLS,4890.0,1
25300,Caesar,Paris,BANANAS,SEASHELLS,4890.0,1
25300,Caesar,Paris,PEARLS,SEASHELLS,9996.0,1
25400,Paris,Charlie,BANANAS,SEASHELLS,4896.0,1
25400,Paris,Caesar,PEARLS,SEASHELLS,10004.0,1
26000,Charlie,Peter,PINA_COLADAS,SEASHELLS,15205.0,2
26400,Charlie,Paris,BANANAS,SEASHELLS,4888.0,1
26500,Paris,Camilla,BANANAS,SEASHELLS,4893.0,1
26500,Paris,Camilla,PEARLS,SEASHELLS,10002.0,2
26500,Paris,Camilla,BANANAS,SEASHELLS,4893.0,2
26600,Pablo,Charlie,PEARLS,SEASHELLS,10002.0,3
26900,Charlie,Pablo,PEARLS,SEASHELLS,9998.0,1
27200,Pablo,Charlie,BANANAS,SEASHELLS,4893.0,3
27400,Penelope,Caesar,PEARLS,SEASHELLS,10004.0,1
27500,Charlie,Pablo,BANANAS,SEASHELLS,4890.0,1
27600,Charlie,Paris,PEARLS,SEASHELLS,9998.0,1
27700,Penelope,Charlie,BANANAS,SEASHELLS,4895.0,3
27700,Charlie,Penelope,PEARLS,SEASHELLS,9996.0,4
27700,Caesar,Penelope,PEARLS,SEASHELLS,9996.0,2
27900,Charlie,Pablo,PEARLS,SEASHELLS,9998.0,4
28000,Paris,Camilla,BANANAS,SEASHELLS,4893.0,1
28000,Paris,Camilla,PEARLS,SEASHELLS,10002.0,1
28100,Charlie,Paris,PEARLS,SEASHELLS,9995.0,1
28100,Charlie,Paris,BANANAS,SEASHELLS,4888.0,1
28300,Charlie,Paris,DIVING_GEAR,SEASHELLS,99721.0,3
28400,Caesar,Caesar,COCONUTS,SEASHELLS,8101.0,50
28500,Camilla,Paris,DIVING_GEAR,SEASHELLS,99728.0,2
28600,Camilla,Paris,BANANAS,SEASHELLS,4888.0,1
28700,Caesar,Penelope,PEARLS,SEASHELLS,9996.0,1
28700,Charlie,Penelope,PEARLS,SEASHELLS,9996.0,7
29000,Paris,Charlie,BANANAS,SEASHELLS,4894.0,1
29000,Paris,Charlie,PEARLS,SEASHELLS,10005.0,1
29200,Pablo,Camilla,PEARLS,SEASHELLS,10002.0,1
29200,Pablo,Paris,PEARLS,SEASHELLS,10002.0,1
29300,Charlie,Paris,BANANAS,SEASHELLS,4888.0,1
29400,Pablo,Charlie,BANANAS,SEASHELLS,4892.0,4
29500,Camilla,Penelope,BERRIES,SEASHELLS,3983.0,10
29800,Paris,Camilla,BERRIES,SEASHELLS,3990.0,8
29900,Paris,Charlie,DIVING_GEAR,SEASHELLS,99750.0,2
29900,Pablo,Caesar,PEARLS,SEASHELLS,10002.0,4
30000,Paris,Camilla,BANANAS,SEASHELLS,4893.0,1
30100,Paris,Camilla,BERRIES,SEASHELLS,3991.0,4
30600,Penelope,Charlie,BANANAS,SEASHELLS,4893.0,2
30600,Caesar,Caesar,PINA_COLADAS,SEASHELLS,15228.0,22
30700,Pablo,Charlie,BANANAS,SEASHELLS,4891.0,3
30700,Pablo,Paris,BANANAS,SEASHELLS,4891.0,1
31200,Caesar,Paris,BANANAS,SEASHELLS,4887.0,1
31200,Paris,Camilla,BERRIES,SEASHELLS,3990.0,1
31500,Camilla,Penelope,BERRIES,SEASHELLS,3984.0,11
31500,Charlie,Paris,BANANAS,SEASHELLS,4888.0,1
31700,Charlie,Pablo,PEARLS,SEASHELLS,9998.0,3
31700,Paris,Camilla,BANANAS,SEASHELLS,4892.0,1
31700,Paris,Pablo,PEARLS,SEASHELLS,9998.0,1
31900,Penelope,Camilla,BERRIES,SEASHELLS,3990.0,11
32000,Paris,Caesar,PEARLS,SEASHELLS,10002.0,1
32200,Paris,Camilla,BANANAS,SEASHELLS,4892.0,1
32300,Paris,Camilla,PEARLS,SEASHELLS,10002.0,1
32400,Caesar,Paris,BANANAS,SEASHELLS,4886.0,1
32700,Paris,Penelope,PEARLS,SEASHELLS,10002.0,1
32800,Camilla,Paris,BERRIES,SEASHELLS,3983.0,1
32900,Charlie,Peter,COCONUTS,SEASHELLS,8091.0,10
33600,Charlie,Paris,BANANAS,SEASHELLS,4885.0,1
33700,Camilla,Paris,PEARLS,SEASHELLS,9998.0,1
33700,Camilla,Gina,BANANAS,SEASHELLS,4885.0,7
33800,Pablo,Charlie,PEARLS,SEASHELLS,10002.0,1
33900,Paris,Charlie,PEARLS,SEASHELLS,10005.0,2
33900,Paris,Charlie,BANANAS,SEASHELLS,4891.0,2
34100,Caesar,Gina,BANANAS,SEASHELLS,4885.0,1
34200,Caesar,Paris,BANANAS,SEASHELLS,4885.0,1
34200,Charlie,Paris,PEARLS,SEASHELLS,9995.0,2
34200,Charlie,Paris,BANANAS,SEASHELLS,4885.0,1
34200,Caesar,Penelope,PEARLS,SEASHELLS,9996.0,1
34200,Charlie,Penelope,PEARLS,SEASHELLS,9996.0,2
34300,Caesar,Paris,BANANAS,SEASHELLS,4885.0,1
34400,Charlie,Paris,BANANAS,SEASHELLS,4884.0,1
34600,Camilla,Paris,BERRIES,SEASHELLS,3984.0,3
34700,Charlie,Pablo,PEARLS,SEASHELLS,9998.0,5
34800,Pablo,Charlie,PEARLS,SEASHELLS,10002.0,1
34900,Charlie,Paris,BANANAS,SEASHELLS,4884.0,1
34900,Charlie,Penelope,BANANAS,SEASHELLS,4884.0,2
35500,Charlie,Paris,BANANAS,SEASHELLS,4883.0,1
35500,Paris,Charlie,DIVING_GEAR,SEASHELLS,99765.0,3
35600,Camilla,Paris,BANANAS,SEASHELLS,4883.0,1
35700,Pablo,Camilla,PEARLS,SEASHELLS,10002.0,1
35700,Paris,Penelope,PEARLS,SEASHELLS,10002.0,1
35700,Caesar,Caesar,COCONUTS,SEASHELLS,8091.0,65
35800,Camilla,Paris,BERRIES,SEASHELLS,3984.0,10
35900,Paris,Pablo,BANANAS,SEASHELLS,4884.0,1
36000,Charlie,Paris,PEARLS,SEASHELLS,9998.0,1
36300,Charlie,Paris,BANANAS,SEASHELLS,4884.0,1
36500,Caesar,Penelope,PEARLS,SEASHELLS,9996.0,1
36700,Gina,Paris,BANANAS,SEASHELLS,4889.0,1
36700,Gina,Paris,BANANAS,SEASHELLS,4885.0,1
36700,Paris,Paris,PEARLS,SEASHELLS,10002.0,1
36800,Paris,Charlie,PEARLS,SEASHELLS,10002.0,1
37100,Paris,Charlie,BANANAS,SEASHELLS,4889.0,1
37100,Charlie,Paris,DIVING_GEAR,SEASHELLS,99761.0,3
37200,Camilla,Paris,PEARLS,SEASHELLS,9998.0,1
37300,Gina,Camilla,PEARLS,SEASHELLS,10002.0,7
37300,Gina,Charlie,PEARLS,SEASHELLS,10002.0,5
37400,Camilla,Paris,DIVING_GEAR,SEASHELLS,99744.0,1
37700,Paris,Charlie,BANANAS,SEASHELLS,4888.0,1
37700,Charlie,Paris,DIVING_GEAR,SEASHELLS,99763.0,3
37800,Charlie,Penelope,BANANAS,SEASHELLS,4883.0,4
37900,Paris,Pablo,BANANAS,SEASHELLS,4884.0,1
37900,Camilla,Penelope,BERRIES,SEASHELLS,3985.0,10
38100,Charlie,Paris,BANANAS,SEASHELLS,4883.0,1
38200,Charlie,Gina,PEARLS,SEASHELLS,9998.0,2
38200,Camilla,Gina,PEARLS,SEASHELLS,9998.0,5
38300,Charlie,Penelope,BANANAS,SEASHELLS,4883.0,6
38300,Paris,Charlie,DIVING_GEAR,SEASHELLS,99746.0,1
38400,Charlie,Paris,BANANAS,SEASHELLS,4883.0,1
38500,Paris,Charlie,PEARLS,SEASHELLS,10002.0,1
38500,Paris,Charlie,BANANAS,SEASHELLS,4888.0,1
38600,Pablo,Charlie,PEARLS,SEASHELLS,10002.0,5
38900,Pablo,Camilla,PEARLS,SEASHELLS,10002.0,4
39400,Paris,Charlie,BANANAS,SEASHELLS,4891.0,1
39400,Paris,Caesar,PEARLS,SEASHELLS,10004.0,1
39600,Penelope,Charlie,PEARLS,SEASHELLS,10005.0,2
39600,Paris,Camilla,DIVING_GEAR,SEASHELLS,99740.0,3
39700,Gary,Charlie,PEARLS,SEASHELLS,10005.0,8
39700,Charlie,Penelope,PEARLS,SEASHELLS,9995.0,2
39700,Paris,Charlie,BANANAS,SEASHELLS,4890.0,1
39700,Paris,Charlie,PEARLS,SEASHELLS,10005.0,1
40000,Pablo,Charlie,BANANAS,SEASHELLS,4888.0,5
40100,Paris,Charlie,PEARLS,SEASHELLS,10002.0,1
40300,Caesar,Penelope,PEARLS,SEASHELLS,9996.0,1
40300,Charlie,Penelope,PEARLS,SEASHELLS,9996.0,5
40700,Camilla,Camilla,DIVING_GEAR,SEASHELLS,99727.0,1
40800,Camilla,Camilla,DIVING_GEAR,SEASHELLS,99730.0,2
41000,Charlie,Caesar,BANANAS,SEASHELLS,4886.0,4
41300,Paris,Charlie,DIVING_GEAR,SEASHELLS,99744.0,1
41400,Charlie,Paris,BANANAS,SEASHELLS,4885.0,1
41500,Camilla,Paris,BERRIES,SEASHELLS,3986.0,3
41500,Camilla,Paris,PEARLS,SEASHELLS,9998.0,1
42200,Charlie,Paris,BANANAS,SEASHELLS,4887.0,2
42200,Charlie,Paris,PEARLS,SEASHELLS,9995.0,2
42300,Paris,Charlie,PEARLS,SEASHELLS,10005.0,1
42300,Paris,Charlie,BANANAS,SEASHELLS,4892.0,1
42300,Paris,Charlie,BANANAS,SEASHELLS,4894.0,1
42300,Peter,Caesar,COCONUTS,SEASHELLS,8095.0,8
42500,Charlie,Paris,BANANAS,SEASHELLS,4886.0,1
42500,Charlie,Penelope,BANANAS,SEASHELLS,4886.0,3
42700,Charlie,Paris,BANANAS,SEASHELLS,4886.0,1
43100,Penelope,Camilla,BERRIES,SEASHELLS,3991.0,13
43200,Paris,Caesar,PEARLS,SEASHELLS,10002.0,1
43400,Charlie,Paris,BANANAS,SEASHELLS,4887.0,1
43700,Camilla,Penelope,BERRIES,SEASHELLS,3983.0,13
43800,Charlie,Paris,PEARLS,SEASHELLS,9998.0,1
44000,Pablo,Charlie,PEARLS,SEASHELLS,10002.0,4
44100,Charlie,Paris,BANANAS,SEASHELLS,4886.0,2
44100,Caesar,Paris,PEARLS,SEASHELLS,9996.0,2
44100,Charlie,Paris,BANANAS,SEASHELLS,4887.0,1
44200,Camilla,Penelope,PEARLS,SEASHELLS,9998.0,2
44500,Caesar,Paris,PEARLS,SEASHELLS,9996.0,1
44500,Charlie,Paris,BANANAS,SEASHELLS,4886.0,1
44700,Caesar,Paris,PEARLS,SEASHELLS,9996.0,1
44700,Charlie,Paris,BANANAS,SEASHELLS,4886.0,1
45100,Charlie,Paris,PEARLS,SEASHELLS,9998.0,1
45300,Penelope,Paris,PEARLS,SEASHELLS,9998.0,1
45300,Charlie,Paris,BANANAS,SEASHELLS,4888.0,1
45600,Paris,Charlie,BANANAS,SEASHELLS,4894.0,1
45700,Paris,Camilla,BERRIES,SEASHELLS,3993.0,9
45800,Camilla,Paris,DIVING_GEAR,SEASHELLS,99696.0,2
46000,Charlie,Penelope,PEARLS,SEASHELLS,9996.0,1
46000,Charlie,Pablo,PEARLS,SEASHELLS,9998.0,5
46000,Caesar,Penelope,PEARLS,SEASHELLS,9996.0,2
46100,Charlie,Paris,BANANAS,SEASHELLS,4891.0,1
46100,Charlie,Peter,PINA_COLADAS,SEASHELLS,15233.0,2
46200,Charlie,Pablo,BANANAS,SEASHELLS,4892.0,2
46500,Charlie,Paris,BANANAS,SEASHELLS,4891.0,1
46800,Camilla,Paris,PEARLS,SEASHELLS,9998.0,1
46900,Paris,Charlie,BANANAS,SEASHELLS,4895.0,1
47000,Charlie,Paris,PEARLS,SEASHELLS,9995.0,2
47000,Charlie,Paris,BANANAS,SEASHELLS,4889.0,2
47100,Camilla,Paris,BANANAS,SEASHELLS,4890.0,1
47200,Paris,Charlie,BANANAS,SEASHELLS,4895.0,1
47600,Charlie,Paris,BANANAS,SEASHELLS,4889.0,2
47600,Charlie,Paris,PEARLS,SEASHELLS,9995.0,2
47700,Charlie,Pablo,PEARLS,SEASHELLS,9998.0,1
47900,Camilla,Paris,BERRIES,SEASHELLS,3986.0,1
48000,Camilla,Paris,DIVING_GEAR,SEASHELLS,99628.0,2
48200,Camilla,Penelope,BERRIES,SEASHELLS,3985.0,14
48300,Paris,Charlie,BANANAS,SEASHELLS,4895.0,1
48700,Pablo,Charlie,PEARLS,SEASHELLS,10002.0,2
48900,Camilla,Paris,BANANAS,SEASHELLS,4890.0,1
49100,Camilla,Paris,BANANAS,SEASHELLS,4891.0,2
49100,Camilla,Paris,PEARLS,SEASHELLS,9998.0,2
49200,Caesar,Caesar,PINA_COLADAS,SEASHELLS,15221.0,22
49200,Caesar,Caesar,PINA_COLADAS,SEASHELLS,15221.0,17
49200,Camilla,Paris,DIVING_GEAR,SEASHELLS,99615.0,3
49300,Paris,Charlie,BANANAS,SEASHELLS,4896.0,1
49700,Paris,Camilla,PEARLS,SEASHELLS,10002.0,1
49800,Gary,Paris,PEARLS,SEASHELLS,9998.0,1
49900,Paris,Camilla,PEARLS,SEASHELLS,10002.0,1
50100,Paris,Charlie,BANANAS,SEASHELLS,4896.0,2
50100,Paris,Caesar,PEARLS,SEASHELLS,10004.0,2
50300,Paris,Camilla,PEARLS,SEASHELLS,10002.0,1
50400,Pablo,Charlie,PEARLS,SEASHELLS,10002.0,4
50600,Caesar,Caesar,COCONUTS,SEASHELLS,8094.0,60
50600,Caesar,Caesar,COCONUTS,SEASHELLS,8094.0,11
50600,Paris,Charlie,BANANAS,SEASHELLS,4895.0,1
50700,Charlie,Pablo,BANANAS,SEASHELLS,4891.0,1
50800,Charlie,Paris,PEARLS,SEASHELLS,9998.0,1
51500,Camilla,Paris,BERRIES,SEASHELLS,3987.0,4
51800,Gina,Peter,BERRIES,SEASHELLS,3989.0,3
52300,Paris,Camilla,BANANAS,SEASHELLS,4897.0,1
52700,Charlie,Paris,BANANAS,SEASHELLS,4891.0,2
52700,Charlie,Pablo,PEARLS,SEASHELLS,9998.0,1
52700,Charlie,Paris,PEARLS,SEASHELLS,9995.0,2
53400,Charlie,Paris,BANANAS,SEASHELLS,4893.0,1
53600,Camilla,Gary,PEARLS,SEASHELLS,9998.0,2
53600,Camilla,Paris,BANANAS,SEASHELLS,4893.0,1
53700,Charlie,Paris,DIVING_GEAR,SEASHELLS,99527.0,1
54400,Charlie,Paris,BANANAS,SEASHELLS,4892.0,1
54400,Camilla,Paris,BERRIES,SEASHELLS,3985.0,1
54500,Caesar,Caesar,COCONUTS,SEASHELLS,8093.0,60
54500,Charlie,Paris,BANANAS,SEASHELLS,4892.0,1
54600,Charlie,Paris,DIVING_GEAR,SEASHELLS,99498.0,3
54700,Camilla,Paris,PEARLS,SEASHELLS,9998.0,1
55000,Paris,Pablo,PEARLS,SEASHELLS,9998.0,1
55000,Paris,Charlie,BANANAS,SEASHELLS,4900.0,1
55900,Penelope,Charlie,BANANAS,SEASHELLS,4901.0,3
56400,Penelope,Camilla,BERRIES,SEASHELLS,3990.0,10
56600,Gary,Caesar,PEARLS,SEASHELLS,10004.0,1
56700,Charlie,Camilla,DIVING_GEAR,SEASHELLS,99482.0,1
56700,Charlie,Peter,COCONUTS,SEASHELLS,8097.0,5
56700,Charlie,Paris,BANANAS,SEASHELLS,4894.0,1
56800,Charlie,Paris,BANANAS,SEASHELLS,4894.0,1
57000,Charlie,Paris,PEARLS,SEASHELLS,9995.0,2
57000,Charlie,Paris,BANANAS,SEASHELLS,4893.0,2
57000,Charlie,Penelope,BANANAS,SEASHELLS,4893.0,4
57200,Charlie,Caesar,BANANAS,SEASHELLS,4896.0,2
57300,Paris,Charlie,PEARLS,SEASHELLS,10002.0,1
57400,Charlie,Paris,BANANAS,SEASHELLS,4893.0,1
57800,Camilla,Paris,BERRIES,SEASHELLS,3983.0,4
58000,Camilla,Paris,BANANAS,SEASHELLS,4893.0,1
58000,Charlie,Paris,DIVING_GEAR,SEASHELLS,99463.0,2
58100,Charlie,Paris,BANANAS,SEASHELLS,4893.0,1
58800,Caesar,Caesar,COCONUTS,SEASHELLS,8093.0,24
58800,Caesar,Caesar,COCONUTS,SEASHELLS,8093.0,44
58800,Camilla,Paris,PEARLS,SEASHELLS,9998.0,1
58900,Charlie,Paris,PEARLS,SEASHELLS,9998.0,1
58900,Peter,Charlie,COCONUTS,SEASHELLS,8096.0,5
59000,Camilla,Gina,PEARLS,SEASHELLS,9998.0,9
59100,Charlie,Pablo,PEARLS,SEASHELLS,9998.0,2
59100,Charlie,Gina,BANANAS,SEASHELLS,4894.0,12
59300,Paris,Pablo,PEARLS,SEASHELLS,9998.0,1
59300,Caesar,Pablo,PEARLS,SEASHELLS,9998.0,2
59400,Pablo,Camilla,PEARLS,SEASHELLS,10002.0,3
59900,Paris,Caesar,PEARLS,SEASHELLS,10004.0,2
59900,Paris,Charlie,PEARLS,SEASHELLS,10002.0,1
59900,Paris,Charlie,BANANAS,SEASHELLS,4900.0,2
60100,Charlie,Paris,PEARLS,SEASHELLS,9998.0,1
60200,Caesar,Paris,PEARLS,SEASHELLS,9998.0,1
60400,Caesar,Pablo,PEARLS,SEASHELLS,9998.0,2
60500,Caesar,Paris,PEARLS,SEASHELLS,9996.0,1
60500,Charlie,Paris,BANANAS,SEASHELLS,4893.0,1
61000,Paris,Charlie,BANANAS,SEASHELLS,4900.0,1
61000,Paris,Caesar,PEARLS,SEASHELLS,10004.0,1
61100,Caesar,Caesar,COCONUTS,SEASHELLS,8091.0,74
61100,Charlie,Pablo,BANANAS,SEASHELLS,4895.0,2
61200,Charlie,Camilla,DIVING_GEAR,SEASHELLS,99454.0,2
61500,Gina,Charlie,PEARLS,SEASHELLS,10002.0,6
61600,Paris,Camilla,BERRIES,SEASHELLS,3993.0,7
61600,Camilla,Paris,DIVING_GEAR,SEASHELLS,99438.0,2
62000,Peter,Charlie,PINA_COLADAS,SEASHELLS,15211.0,4
62200,Camilla,Paris,BANANAS,SEASHELLS,4892.0,1
62300,Camilla,Paris,BERRIES,SEASHELLS,3986.0,4
62400,Charlie,Paris,DIVING_GEAR,SEASHELLS,99471.0,1
62500,Paris,Camilla,DIVING_GEAR,SEASHELLS,99470.0,2
62800,Charlie,Gary,PEARLS,SEASHELLS,9996.0,7
62800,Caesar,Gary,PEARLS,SEASHELLS,9996.0,1
62900,Paris,Charlie,BANANAS,SEASHELLS,4900.0,1
62900,Paris,Caesar,PEARLS,SEASHELLS,10004.0,1
63000,Gary,Caesar,BANANAS,SEASHELLS,4899.0,2
63100,Camilla,Gary,BERRIES,SEASHELLS,3984.0,19
63500,Charlie,Paris,PEARLS,SEASHELLS,9998.0,1
63700,Peter,Charlie,COCONUTS,SEASHELLS,8097.0,8
63700,Camilla,Paris,PEARLS,SEASHELLS,9998.0,1
63700,Camilla,Paris,BANANAS,SEASHELLS,4895.0,1
63800,Charlie,Paris,BANANAS,SEASHELLS,4894.0,1
63900,Penelope,Paris,BANANAS,SEASHELLS,4895.0,1
64300,Penelope,Charlie,BANANAS,SEASHELLS,4902.0,5
64400,Charlie,Paris,BANANAS,SEASHELLS,4894.0,1
64600,Charlie,Paris,BANANAS,SEASHELLS,4895.0,1
64900,Charlie,Paris,BANANAS,SEASHELLS,4895.0,1
65000,Peter,Charlie,COCONUTS,SEASHELLS,8095.0,9
65100,Paris,Caesar,PEARLS,SEASHELLS,10004.0,1
65100,Paris,Charlie,BANANAS,SEASHELLS,4902.0,1
65300,Paris,Charlie,BANANAS,SEASHELLS,4900.0,1
65300,Paris,Charlie,PEARLS,SEASHELLS,10002.0,1
65400,Charlie,Paris,PEARLS,SEASHELLS,9998.0,1
65700,Camilla,Penelope,BERRIES,SEASHELLS,3987.0,12
65900,Paris,Camilla,BERRIES,SEASHELLS,3994.0,10
66000,Caesar,Paris,PEARLS,SEASHELLS,9996.0,1
66000,Charlie,Paris,BANANAS,SEASHELLS,4894.0,2
66100,Charlie,Penelope,PEARLS,SEASHELLS,9995.0,6
66400,Charlie,Peter,COCONUTS,SEASHELLS,8096.0,7
66500,Charlie,Paris,BANANAS,SEASHELLS,4892.0,1
66500,Charlie,Penelope,BANANAS,SEASHELLS,4892.0,10
66600,Camilla,Gary,BERRIES,SEASHELLS,3985.0,16
67000,Pablo,Charlie,PEARLS,SEASHELLS,10002.0,4
67000,Charlie,Pablo,BANANAS,SEASHELLS,4893.0,5
67000,Penelope,Camilla,BERRIES,SEASHELLS,3991.0,10
67100,Caesar,Penelope,PEARLS,SEASHELLS,9996.0,1
67300,Caesar,Gary,BANANAS,SEASHELLS,4891.0,1
67300,Charlie,Gary,BANANAS,SEASHELLS,4891.0,17
67700,Paris,Charlie,PEARLS,SEASHELLS,10002.0,1
68000,Charlie,Gary,BANANAS,SEASHELLS,4892.0,16
68500,Paris,Penelope,BERRIES,SEASHELLS,3985.0,4
68500,Camilla,Penelope,BERRIES,SEASHELLS,3985.0,11
68700,Gary,Charlie,BANANAS,SEASHELLS,4899.0,18
69000,Camilla,Penelope,BERRIES,SEASHELLS,3984.0,11
69400,Pablo,Charlie,PEARLS,SEASHELLS,10002.0,4
69400,Charlie,Peter,PINA_COLADAS,SEASHELLS,15193.0,5
69400,Camilla,Paris,BERRIES,SEASHELLS,3985.0,2
69500,Paris,Charlie,PEARLS,SEASHELLS,10002.0,1
69500,Pablo,Charlie,PEARLS,SEASHELLS,10002.0,1
69500,Camilla,Paris,DIVING_GEAR,SEASHELLS,99476.0,1
69600,Paris,Camilla,PEARLS,SEASHELLS,10002.0,1
69600,Paris,Camilla,BANANAS,SEASHELLS,4898.0,1
69600,Charlie,Paris,DIVING_GEAR,SEASHELLS,99491.0,2
69700,Paris,Camilla,BERRIES,SEASHELLS,3992.0,1
69800,Caesar,Paris,BANANAS,SEASHELLS,4895.0,1
69900,Paris,Charlie,DIVING_GEAR,SEASHELLS,99504.0,3
70400,Pablo,Camilla,PEARLS,SEASHELLS,10002.0,5
70500,Charlie,Peter,PINA_COLADAS,SEASHELLS,15179.0,5
70600,Caesar,Penelope,PEARLS,SEASHELLS,9996.0,2
70700,Paris,Camilla,BANANAS,SEASHELLS,4899.0,2
70700,Paris,Camilla,PEARLS,SEASHELLS,10002.0,2
70800,Camilla,Paris,DIVING_GEAR,SEASHELLS,99545.0,2
70800,Caesar,Paris,BANANAS,SEASHELLS,4895.0,1
70900,Paris,Charlie,PEARLS,SEASHELLS,10005.0,1
70900,Paris,Charlie,BANANAS,SEASHELLS,4901.0,1
70900,Gary,Charlie,PEARLS,SEASHELLS,10005.0,12
71000,Paris,Charlie,BANANAS,SEASHELLS,4899.0,1
71400,Camilla,Paris,BANANAS,SEASHELLS,4896.0,1
71500,Charlie,Pablo,PINA_COLADAS,SEASHELLS,15178.0,11
71800,Penelope,Camilla,BERRIES,SEASHELLS,3991.0,12
72000,Charlie,Pablo,PINA_COLADAS,SEASHELLS,15182.0,9
72200,Charlie,Penelope,BANANAS,SEASHELLS,4893.0,9
72200,Caesar,Penelope,BANANAS,SEASHELLS,4893.0,1
72500,Paris,Caesar,BANANAS,SEASHELLS,4899.0,1
72500,Charlie,Peter,COCONUTS,SEASHELLS,8098.0,10
72500,Paris,Caesar,PEARLS,SEASHELLS,10004.0,1
73100,Charlie,Peter,COCONUTS,SEASHELLS,8099.0,10
73400,Camilla,Paris,DIVING_GEAR,SEASHELLS,99501.0,2
73400,Charlie,Paris,PEARLS,SEASHELLS,9998.0,1
73700,Paris,Charlie,BANANAS,SEASHELLS,4898.0,1
73700,Camilla,Paris,BERRIES,SEASHELLS,3980.0,10
74100,Camilla,Camilla,DIVING_GEAR,SEASHELLS,99491.0,1
74200,Paris,Charlie,DIVING_GEAR,SEASHELLS,99488.0,1
74300,Paris,Gina,BANANAS,SEASHELLS,4897.0,1
74300,Charlie,Gina,BANANAS,SEASHELLS,4892.0,11
74300,Paris,Charlie,DIVING_GEAR,SEASHELLS,99477.0,2
74400,Charlie,Paris,BANANAS,SEASHELLS,4891.0,1
74600,Penelope,Caesar,PEARLS,SEASHELLS,10004.0,2
74600,Caesar,Paris,BANANAS,SEASHELLS,4891.0,1
74800,Charlie,Pablo,PEARLS,SEASHELLS,9998.0,2
74900,Charlie,Paris,PEARLS,SEASHELLS,9998.0,1
75200,Gina,Penelope,BANANAS,SEASHELLS,4895.0,7
75200,Gina,Charlie,BANANAS,SEASHELLS,4895.0,6
75300,Paris,Charlie,DIVING_GEAR,SEASHELLS,99516.0,1
75400,Pablo,Gary,BANANAS,SEASHELLS,4896.0,5
75700,Camilla,Paris,DIVING_GEAR,SEASHELLS,99504.0,1
75800,Paris,Caesar,PEARLS,SEASHELLS,10004.0,1
75800,Paris,Charlie,BANANAS,SEASHELLS,4899.0,1
76000,Charlie,Gary,BANANAS,SEASHELLS,4892.0,20
77100,Charlie,Paris,BANANAS,SEASHELLS,4894.0,1
77200,Camilla,Camilla,DIVING_GEAR,SEASHELLS,99524.0,2
77300,Camilla,Gary,BERRIES,SEASHELLS,3976.0,13
77700,Camilla,Paris,PEARLS,SEASHELLS,9998.0,1
78000,Camilla,Paris,BANANAS,SEASHELLS,4895.0,1
78100,Paris,Charlie,PEARLS,SEASHELLS,10002.0,1
78100,Camilla,Camilla,DIVING_GEAR,SEASHELLS,99527.0,2
78400,Penelope,Charlie,PEARLS,SEASHELLS,10004.0,5
78400,Penelope,Caesar,PEARLS,SEASHELLS,10004.0,2
78600,Caesar,Gary,PEARLS,SEASHELLS,9996.0,2
78800,Paris,Charlie,BANANAS,SEASHELLS,4900.0,1
78900,Penelope,Camilla,BERRIES,SEASHELLS,3982.0,10
79100,Paris,Camilla,DIVING_GEAR,SEASHELLS,99494.0,1
79100,Charlie,Paris,BANANAS,SEASHELLS,4895.0,1
79100,Caesar,Caesar,COCONUTS,SEASHELLS,8102.0,4
79100,Caesar,Caesar,COCONUTS,SEASHELLS,8102.0,51
79300,Caesar,Paris,BANANAS,SEASHELLS,4895.0,1
79300,Caesar,Paris,PEARLS,SEASHELLS,9996.0,1
79500,Paris,Caesar,PEARLS,SEASHELLS,10004.0,1
79500,Paris,Charlie,BANANAS,SEASHELLS,4902.0,1
79800,Paris,Charlie,BANANAS,SEASHELLS,4900.0,1
79900,Camilla,Paris,PEARLS,SEASHELLS,9998.0,2
79900,Camilla,Paris,BANANAS,SEASHELLS,4894.0,2
80000,Caesar,Penelope,BANANAS,SEASHELLS,4894.0,1
80000,Charlie,Penelope,BANANAS,SEASHELLS,4894.0,1
80300,Peter,Charlie,COCONUTS,SEASHELLS,8105.0,5
80300,Camilla,Pablo,PEARLS,SEASHELLS,9998.0,3
80300,Penelope,Camilla,BERRIES,SEASHELLS,3979.0,11
80400,Charlie,Paris,PEARLS,SEASHELLS,9998.0,1
80400,Paris,Gary,BANANAS,SEASHELLS,4899.0,1
80600,Charlie,Paris,PEARLS,SEASHELLS,9998.0,1
80700,Charlie,Pablo,PEARLS,SEASHELLS,9998.0,1
80900,Camilla,Camilla,DIVING_GEAR,SEASHELLS,99483.0,3
81500,Charlie,Paris,BANANAS,SEASHELLS,4894.0,1
81500,Paris,Charlie,PEARLS,SEASHELLS,10002.0,1
81700,Camilla,Paris,BANANAS,SEASHELLS,4895.0,1
81800,Paris,Charlie,BANANAS,SEASHELLS,4900.0,1
82000,Paris,Charlie,DIVING_GEAR,SEASHELLS,99460.0,1
82100,Gary,Charlie,BANANAS,SEASHELLS,4900.0,19
82200,Camilla,Pablo,PEARLS,SEASHELLS,9998.0,4
82400,Caesar,Caesar,PINA_COLADAS,SEASHELLS,15185.0,32
82500,Paris,Charlie,BANANAS,SEASHELLS,4898.0,1
83000,Camilla,Paris,PEARLS,SEASHELLS,9998.0,1
83400,Paris,Charlie,PEARLS,SEASHELLS,10002.0,1
83500,Charlie,Peter,COCONUTS,SEASHELLS,8107.0,10
83600,Penelope,Camilla,BERRIES,SEASHELLS,3977.0,11
83800,Paris,Charlie,PEARLS,SEASHELLS,10005.0,1
83800,Paris,Charlie,BANANAS,SEASHELLS,4900.0,1
84100,Paris,Charlie,BANANAS,SEASHELLS,4896.0,1
84100,Paris,Charlie,PEARLS,SEASHELLS,10002.0,1
84200,Caesar,Pablo,BANANAS,SEASHELLS,4892.0,2
84500,Caesar,Paris,BANANAS,SEASHELLS,4891.0,1
84500,Caesar,Paris,PEARLS,SEASHELLS,9996.0,1
84500,Charlie,Camilla,DIVING_GEAR,SEASHELLS,99398.0,3
84800,Paris,Charlie,BANANAS,SEASHELLS,4896.0,1
84800,Paris,Charlie,PEARLS,SEASHELLS,10002.0,1
85200,Camilla,Paris,DIVING_GEAR,SEASHELLS,99398.0,1
85200,Paris,Camilla,BANANAS,SEASHELLS,4896.0,1
85200,Paris,Camilla,PEARLS,SEASHELLS,10002.0,1
85400,Paris,Charlie,BANANAS,SEASHELLS,4896.0,1
85400,Caesar,Pablo,PINA_COLADAS,SEASHELLS,15205.0,10
85400,Paris,Camilla,BERRIES,SEASHELLS,3976.0,7
85500,Camilla,Gary,PEARLS,SEASHELLS,9998.0,7
85600,Caesar,Gary,PEARLS,SEASHELLS,9996.0,2
85700,Charlie,Pablo,BANANAS,SEASHELLS,4891.0,3
85800,Paris,Charlie,PEARLS,SEASHELLS,10002.0,1
85800,Camilla,Charlie,DIVING_GEAR,SEASHELLS,99402.0,1
85800,Charlie,Pablo,BANANAS,SEASHELLS,4892.0,1
85900,Caesar,Penelope,PEARLS,SEASHELLS,9996.0,1
86200,Camilla,Paris,DIVING_GEAR,SEASHELLS,99417.0,1
86200,Charlie,Pablo,PEARLS,SEASHELLS,9998.0,2
86400,Caesar,Caesar,COCONUTS,SEASHELLS,8109.0,42
86600,Paris,Camilla,BANANAS,SEASHELLS,4896.0,1
86600,Caesar,Peter,PINA_COLADAS,SEASHELLS,15217.0,4
86900,Paris,Charlie,BANANAS,SEASHELLS,4895.0,1
87100,Charlie,Paris,PEARLS,SEASHELLS,9998.0,1
87100,Gina,Camilla,BANANAS,SEASHELLS,4895.0,4
87100,Gina,Charlie,BANANAS,SEASHELLS,4895.0,6
87500,Paris,Charlie,BANANAS,SEASHELLS,4895.0,1
87900,Paris,Charlie,BANANAS,SEASHELLS,4895.0,1
88200,Charlie,Paris,DIVING_GEAR,SEASHELLS,99458.0,1
88200,Caesar,Peter,COCONUTS,SEASHELLS,8116.0,10
88400,Charlie,Peter,PINA_COLADAS,SEASHELLS,15233.0,3
88500,Paris,Charlie,PEARLS,SEASHELLS,10002.0,1
88600,Paris,Charlie,PEARLS,SEASHELLS,10002.0,1
88600,Gina,Charlie,BANANAS,SEASHELLS,4895.0,8
88700,Charlie,Penelope,PEARLS,SEASHELLS,9995.0,8
88900,Pablo,Paris,PEARLS,SEASHELLS,10002.0,1
88900,Pablo,Charlie,PEARLS,SEASHELLS,10002.0,4
89100,Paris,Charlie,BANANAS,SEASHELLS,4895.0,2
89100,Paris,Charlie,PEARLS,SEASHELLS,10005.0,2
89300,Caesar,Paris,PEARLS,SEASHELLS,9996.0,2
89300,Charlie,Paris,BANANAS,SEASHELLS,4888.0,2
89500,Paris,Charlie,BANANAS,SEASHELLS,4893.0,1
89600,Camilla,Paris,BERRIES,SEASHELLS,3969.0,10
89800,Caesar,Paris,PEARLS,SEASHELLS,9998.0,1
89800,Gary,Caesar,PEARLS,SEASHELLS,10004.0,1
89800,Paris,Caesar,BANANAS,SEASHELLS,4893.0,1
89800,Paris,Charlie,PEARLS,SEASHELLS,10005.0,2
89900,Caesar,Peter,PINA_COLADAS,SEASHELLS,15240.0,4
90200,Camilla,Pablo,PEARLS,SEASHELLS,9998.0,2
90200,Paris,Pablo,PEARLS,SEASHELLS,9998.0,1
90400,Caesar,Gary,PEARLS,SEASHELLS,9996.0,1
91200,Pablo,Caesar,PEARLS,SEASHELLS,10002.0,1
91200,Paris,Charlie,BANANAS,SEASHELLS,4893.0,1
91200,Gary,Camilla,BERRIES,SEASHELLS,3979.0,19
91300,Camilla,Paris,PEARLS,SEASHELLS,9998.0,1
91300,Camilla,Gina,PEARLS,SEASHELLS,9998.0,7
91300,Charlie,Paris,PEARLS,SEASHELLS,9998.0,0
91300,Charlie,Gina,PEARLS,SEASHELLS,9998.0,2
91600,Charlie,Paris,BANANAS,SEASHELLS,4889.0,1
91600,Paris,Camilla,DIVING_GEAR,SEASHELLS,99500.0,3
91600,Charlie,Paris,PEARLS,SEASHELLS,9998.0,1
91800,Charlie,Pablo,BANANAS,SEASHELLS,4890.0,2
91800,Charlie,Pablo,PEARLS,SEASHELLS,9998.0,3
91900,Camilla,Paris,PEARLS,SEASHELLS,9998.0,1
92300,Charlie,Paris,DIVING_GEAR,SEASHELLS,99495.0,2
92300,Peter,Charlie,PINA_COLADAS,SEASHELLS,15242.0,2
92400,Paris,Charlie,BANANAS,SEASHELLS,4894.0,1
92400,Gary,Charlie,BANANAS,SEASHELLS,4895.0,17
93200,Paris,Charlie,PEARLS,SEASHELLS,10005.0,2
93200,Pablo,Charlie,PEARLS,SEASHELLS,10002.0,3
93200,Paris,Charlie,BANANAS,SEASHELLS,4895.0,2
93200,Gary,Charlie,PEARLS,SEASHELLS,10004.0,10
93200,Gary,Caesar,PEARLS,SEASHELLS,10004.0,2
93300,Paris,Camilla,PEARLS,SEASHELLS,10002.0,1
93400,Paris,Camilla,DIVING_GEAR,SEASHELLS,99499.0,1
93700,Pablo,Peter,BERRIES,SEASHELLS,3974.0,4
93700,Paris,Charlie,BANANAS,SEASHELLS,4894.0,1
94000,Paris,Gary,BANANAS,SEASHELLS,4894.0,1
94100,Camilla,Paris,DIVING_GEAR,SEASHELLS,99499.0,1
94400,Camilla,Paris,PEARLS,SEASHELLS,9998.0,1
94600,Caesar,Caesar,COCONUTS,SEASHELLS,8109.0,41
94600,Caesar,Caesar,COCONUTS,SEASHELLS,8109.0,30
95500,Camilla,Paris,PEARLS,SEASHELLS,9998.0,1
95600,Paris,Charlie,DIVING_GEAR,SEASHELLS,99517.0,1
95700,Camilla,Charlie,DIVING_GEAR,SEASHELLS,99530.0,1
95700,Charlie,Paris,PEARLS,SEASHELLS,9998.0,1
95800,Caesar,Paris,BANANAS,SEASHELLS,4891.0,2
95800,Caesar,Paris,PEARLS,SEASHELLS,9996.0,2
95800,Charlie,Paris,PEARLS,SEASHELLS,9998.0,1
96000,Pablo,Caesar,PINA_COLADAS,SEASHELLS,15212.0,11
96000,Pablo,Caesar,COCONUTS,SEASHELLS,8106.0,16
96100,Camilla,Paris,DIVING_GEAR,SEASHELLS,99538.0,2
96100,Charlie,Pablo,BANANAS,SEASHELLS,4892.0,4
96200,Charlie,Pablo,PINA_COLADAS,SEASHELLS,15212.0,15
96600,Camilla,Paris,BANANAS,SEASHELLS,4891.0,1
96600,Pablo,Charlie,PEARLS,SEASHELLS,10002.0,1
96900,Paris,Charlie,BANANAS,SEASHELLS,4897.0,1
96900,Paris,Camilla,BERRIES,SEASHELLS,3977.0,7
97100,Paris,Caesar,PEARLS,SEASHELLS,10004.0,1
97100,Paris,Caesar,BANANAS,SEASHELLS,4898.0,1
97200,Charlie,Gary,BANANAS,SEASHELLS,4892.0,17
97300,Charlie,Paris,DIVING_GEAR,SEASHELLS,99542.0,1
97400,Paris,Charlie,DIVING_GEAR,SEASHELLS,99549.0,3
97800,Paris,Charlie,BANANAS,SEASHELLS,4899.0,1
97800,Paris,Charlie,PEARLS,SEASHELLS,10005.0,1
98500,Charlie,Pablo,BANANAS,SEASHELLS,4892.0,2
98700,Paris,Caesar,PEARLS,SEASHELLS,10004.0,2
98700,Paris,Charlie,BANANAS,SEASHELLS,4897.0,2
98800,Caesar,Paris,BANANAS,SEASHELLS,4893.0,2
98800,Caesar,Paris,PEARLS,SEASHELLS,9996.0,1
98800,Charlie,Pablo,PEARLS,SEASHELLS,9998.0,1
98800,Charlie,Paris,PEARLS,SEASHELLS,9996.0,1
98900,Charlie,Penelope,BANANAS,SEASHELLS,4890.0,7
99100,Camilla,Paris,BERRIES,SEASHELLS,3972.0,2
99500,Paris,Charlie,DIVING_GEAR,SEASHELLS,99543.0,3
99800,Charlie,Penelope,BANANAS,SEASHELLS,4891.0,8
99800,Camilla,Penelope,BANANAS,SEASHELLS,4891.0,3
99800,Camilla,Paris,PEARLS,SEASHELLS,9998.0,1
99800,Camilla,Paris,BANANAS,SEASHELLS,4890.0,1
100100,Peter,Pablo,BERRIES,SEASHELLS,3972.0,5
100100,Camilla,Paris,BERRIES,SEASHELLS,3970.0,7
100200,Camilla,Paris,DIVING_GEAR,SEASHELLS,99541.0,1
100400,Camilla,Paris,BANANAS,SEASHELLS,4893.0,1
100400,Camilla,Gina,PEARLS,SEASHELLS,9998.0,1
100600,Paris,Charlie,BANANAS,SEASHELLS,4897.0,1
100600,Charlie,Paris,PEARLS,SEASHELLS,9998.0,1
100900,Penelope,Camilla,PEARLS,SEASHELLS,10002.0,1
101000,Charlie,Gary,BANANAS,SEASHELLS,4894.0,9
101000,Camilla,Gary,BANANAS,SEASHELLS,4894.0,6
101000,Camilla,Camilla,DIVING_GEAR,SEASHELLS,99567.0,3
101100,Paris,Charlie,BANANAS,SEASHELLS,4899.0,1
101100,Camilla,Paris,DIVING_GEAR,SEASHELLS,99567.0,1
101200,Camilla,Penelope,BERRIES,SEASHELLS,3970.0,14
101600,Penelope,Camilla,BERRIES,SEASHELLS,3978.0,13
101700,Charlie,Pablo,BANANAS,SEASHELLS,4896.0,1
101700,Charlie,Paris,BANANAS,SEASHELLS,4895.0,1
101700,Paris,Charlie,PEARLS,SEASHELLS,10002.0,1
101900,Camilla,Paris,BERRIES,SEASHELLS,3971.0,2
102300,Paris,Charlie,PEARLS,SEASHELLS,10005.0,1
102300,Caesar,Pablo,PINA_COLADAS,SEASHELLS,15237.0,9
102300,Paris,Charlie,BANANAS,SEASHELLS,4901.0,1
102300,Camilla,Paris,BANANAS,SEASHELLS,4895.0,1
102600,Camilla,Paris,PEARLS,SEASHELLS,9998.0,1
102800,Camilla,Penelope,BERRIES,SEASHELLS,3971.0,11
102900,Paris,Camilla,BANANAS,SEASHELLS,4901.0,1
102900,Paris,Charlie,DIVING_GEAR,SEASHELLS,99497.0,2
103000,Caesar,Pablo,COCONUTS,SEASHELLS,8108.0,11
103500,Camilla,Penelope,BERRIES,SEASHELLS,3969.0,13
103600,Paris,Camilla,DIVING_GEAR,SEASHELLS,99503.0,1
103700,Charlie,Paris,PEARLS,SEASHELLS,9998.0,1
103900,Camilla,Paris,PEARLS,SEASHELLS,9998.0,1
104000,Charlie,Pablo,PEARLS,SEASHELLS,9998.0,2
104300,Charlie,Penelope,BANANAS,SEASHELLS,4896.0,3
104300,Paris,Camilla,BERRIES,SEASHELLS,3973.0,10
104500,Charlie,Pablo,BANANAS,SEASHELLS,4897.0,5
104800,Camilla,Pablo,PEARLS,SEASHELLS,9998.0,2
105000,Charlie,Penelope,PEARLS,SEASHELLS,9995.0,5
105500,Charlie,Paris,BANANAS,SEASHELLS,4898.0,1
105700,Caesar,Pablo,PEARLS,SEASHELLS,9998.0,3
105800,Peter,Paris,BERRIES,SEASHELLS,3966.0,3
106000,Paris,Camilla,DIVING_GEAR,SEASHELLS,99500.0,2
106100,Gary,Camilla,BANANAS,SEASHELLS,4902.0,8
106100,Charlie,Camilla,DIVING_GEAR,SEASHELLS,99503.0,1
106100,Paris,Camilla,PEARLS,SEASHELLS,10002.0,1
106400,Charlie,Paris,BANANAS,SEASHELLS,4898.0,1
106500,Paris,Charlie,BANANAS,SEASHELLS,4904.0,1
106500,Paris,Charlie,PEARLS,SEASHELLS,10005.0,1
106700,Charlie,Paris,DIVING_GEAR,SEASHELLS,99470.0,2
106800,Camilla,Paris,PEARLS,SEASHELLS,9998.0,1
106800,Camilla,Paris,BANANAS,SEASHELLS,4899.0,1
107000,Charlie,Paris,DIVING_GEAR,SEASHELLS,99481.0,1
107000,Camilla,Paris,BANANAS,SEASHELLS,4898.0,1
107100,Caesar,Peter,COCONUTS,SEASHELLS,8104.0,5
107300,Pablo,Charlie,BANANAS,SEASHELLS,4903.0,5
107400,Penelope,Charlie,BANANAS,SEASHELLS,4906.0,10
107400,Charlie,Pablo,PINA_COLADAS,SEASHELLS,15219.0,7
107800,Charlie,Paris,BANANAS,SEASHELLS,4898.0,1
107800,Caesar,Paris,PEARLS,SEASHELLS,9996.0,1
107900,Paris,Camilla,BANANAS,SEASHELLS,4904.0,1
108300,Camilla,Paris,BANANAS,SEASHELLS,4899.0,1
108300,Camilla,Gary,BANANAS,SEASHELLS,4900.0,6
108300,Gina,Paris,PEARLS,SEASHELLS,9998.0,1
108400,Camilla,Gary,BANANAS,SEASHELLS,4900.0,9
108600,Charlie,Pablo,BANANAS,SEASHELLS,4900.0,1
108600,Charlie,Pablo,PEARLS,SEASHELLS,9998.0,1
108600,Caesar,Pablo,PEARLS,SEASHELLS,9998.0,4
108800,Paris,Charlie,BANANAS,SEASHELLS,4904.0,1
108800,Paris,Caesar,PEARLS,SEASHELLS,10004.0,2
108800,Paris,Caesar,BANANAS,SEASHELLS,4905.0,2
108900,Caesar,Penelope,PEARLS,SEASHELLS,9996.0,1
108900,Charlie,Penelope,PEARLS,SEASHELLS,9996.0,5
109200,Pablo,Charlie,BANANAS,SEASHELLS,4903.0,3
109400,Charlie,Paris,BANANAS,SEASHELLS,4898.0,1
109500,Gina,Charlie,BANANAS,SEASHELLS,4903.0,10
109500,Peter,Caesar,PINA_COLADAS,SEASHELLS,15229.0,2
109600,Camilla,Paris,BANANAS,SEASHELLS,4898.0,1
109700,Paris,Charlie,BANANAS,SEASHELLS,4905.0,1
109700,Paris,Caesar,PEARLS,SEASHELLS,10004.0,1
109800,Charlie,Peter,COCONUTS,SEASHELLS,8105.0,7
110200,Charlie,Paris,BANANAS,SEASHELLS,4899.0,1
110300,Camilla,Paris,BERRIES,SEASHELLS,3957.0,10
110600,Charlie,Paris,PEARLS,SEASHELLS,9998.0,1
110700,Paris,Charlie,PEARLS,SEASHELLS,10002.0,1
111100,Caesar,Paris,BANANAS,SEASHELLS,4901.0,1
111200,Caesar,Caesar,COCONUTS,SEASHELLS,8111.0,53
111200,Caesar,Pablo,COCONUTS,SEASHELLS,8111.0,18
111300,Charlie,Paris,BANANAS,SEASHELLS,4900.0,1
111800,Paris,Charlie,BANANAS,SEASHELLS,4907.0,1
111800,Paris,Caesar,PEARLS,SEASHELLS,10004.0,1
112000,Charlie,Peter,PINA_COLADAS,SEASHELLS,15210.0,3
112300,Charlie,Paris,BANANAS,SEASHELLS,4900.0,1
112500,Paris,Camilla,DIVING_GEAR,SEASHELLS,99480.0,2
112500,Camilla,Pablo,BANANAS,SEASHELLS,4900.0,3
112800,Charlie,Camilla,DIVING_GEAR,SEASHELLS,99470.0,1
113200,Paris,Camilla,DIVING_GEAR,SEASHELLS,99472.0,3
113300,Paris,Camilla,DIVING_GEAR,SEASHELLS,99467.0,1
113500,Paris,Charlie,BANANAS,SEASHELLS,4905.0,1
113900,Paris,Camilla,PEARLS,SEASHELLS,10002.0,1
114300,Gina,Charlie,BANANAS,SEASHELLS,4902.0,8
114300,Paris,Camilla,BERRIES,SEASHELLS,3965.0,4
114300,Paris,Caesar,PEARLS,SEASHELLS,10004.0,1
114300,Paris,Charlie,BANANAS,SEASHELLS,4904.0,1
114400,Paris,Camilla,DIVING_GEAR,SEASHELLS,99446.0,3
114500,Caesar,Gary,PEARLS,SEASHELLS,9996.0,2
114500,Charlie,Gary,PEARLS,SEASHELLS,9996.0,9
114500,Charlie,Paris,BANANAS,SEASHELLS,4898.0,1
114700,Pablo,Charlie,BANANAS,SEASHELLS,4902.0,4
115000,Pablo,Charlie,BANANAS,SEASHELLS,4902.0,5
115100,Caesar,Paris,BANANAS,SEASHELLS,4898.0,1
115300,Paris,Camilla,BERRIES,SEASHELLS,3963.0,1
115800,Peter,Charlie,PINA_COLADAS,SEASHELLS,15213.0,2
116100,Paris,Charlie,BANANAS,SEASHELLS,4904.0,1
116100,Paris,Charlie,PEARLS,SEASHELLS,10005.0,1
116300,Caesar,Penelope,PEARLS,SEASHELLS,9996.0,2
116400,Paris,Paris,PEARLS,SEASHELLS,9998.0,1
116400,Paris,Camilla,BANANAS,SEASHELLS,4901.0,2
116600,Charlie,Paris,BANANAS,SEASHELLS,4897.0,1
116700,Camilla,Paris,BERRIES,SEASHELLS,3958.0,10
116800,Charlie,Paris,PEARLS,SEASHELLS,9995.0,2
116800,Charlie,Penelope,BANANAS,SEASHELLS,4897.0,7
116800,Charlie,Pablo,BANANAS,SEASHELLS,4898.0,2
116800,Charlie,Paris,BANANAS,SEASHELLS,4897.0,2
117100,Paris,Gina,BANANAS,SEASHELLS,4903.0,1
117300,Paris,Charlie,BANANAS,SEASHELLS,4903.0,1
117400,Paris,Camilla,BANANAS,SEASHELLS,4903.0,1
117500,Pablo,Camilla,PEARLS,SEASHELLS,10002.0,2
117600,Caesar,Gary,BANANAS,SEASHELLS,4899.0,1
117600,Charlie,Gary,BANANAS,SEASHELLS,4899.0,14
117600,Camilla,Gary,BANANAS,SEASHELLS,4899.0,4
117700,Caesar,Pablo,PINA_COLADAS,SEASHELLS,15216.0,12
117900,Camilla,Camilla,DIVING_GEAR,SEASHELLS,99428.0,3
117900,Charlie,Paris,PEARLS,SEASHELLS,9998.0,1
118100,Paris,Charlie,BANANAS,SEASHELLS,4905.0,2
118100,Camilla,Camilla,DIVING_GEAR,SEASHELLS,99427.0,2
118100,Paris,Charlie,PEARLS,SEASHELLS,10005.0,2
118200,Paris,Camilla,PEARLS,SEASHELLS,10002.0,2
118200,Paris,Camilla,BANANAS,SEASHELLS,4903.0,2
118300,Caesar,Paris,BANANAS,SEASHELLS,4899.0,1
118300,Pablo,Camilla,PEARLS,SEASHELLS,10002.0,3
118500,Caesar,Caesar,PINA_COLADAS,SEASHELLS,15219.0,28
118500,Caesar,Caesar,PINA_COLADAS,SEASHELLS,15219.0,2
118600,Caesar,Gina,BANANAS,SEASHELLS,4899.0,2
118600,Camilla,Gina,BANANAS,SEASHELLS,4899.0,7
119000,Charlie,Pablo,PEARLS,SEASHELLS,9998.0,1
119000,Caesar,Penelope,PEARLS,SEASHELLS,9996.0,1
119000,Charlie,Penelope,PEARLS,SEASHELLS,9996.0,4
119100,Paris,Charlie,PEARLS,SEASHELLS,10002.0,1
119200,Charlie,Penelope,BANANAS,SEASHELLS,4900.0,7
119200,Charlie,Paris,PEARLS,SEASHELLS,9996.0,1
119200,Caesar,Penelope,BANANAS,SEASHELLS,4900.0,1
119200,Caesar,Paris,PEARLS,SEASHELLS,9996.0,1
119200,Charlie,Paris,BANANAS,SEASHELLS,4899.0,2
119200,Gary,Charlie,BANANAS,SEASHELLS,4906.0,12
119900,Paris,Camilla,BANANAS,SEASHELLS,4907.0,1
120000,Penelope,Camilla,BERRIES,SEASHELLS,3970.0,14
120000,Penelope,Charlie,BANANAS,SEASHELLS,4907.0,7
120200,Pablo,Paris,PEARLS,SEASHELLS,10002.0,1
120400,Charlie,Peter,COCONUTS,SEASHELLS,8113.0,9
120800,Gary,Camilla,BERRIES,SEASHELLS,3970.0,11
120900,Pablo,Camilla,PEARLS,SEASHELLS,10002.0,2
121000,Paris,Charlie,BANANAS,SEASHELLS,4907.0,1
121000,Paris,Camilla,DIVING_GEAR,SEASHELLS,99421.0,2
121000,Paris,Caesar,PEARLS,SEASHELLS,10004.0,1
121200,Paris,Camilla,BERRIES,SEASHELLS,3970.0,5
121300,Gary,Caesar,PEARLS,SEASHELLS,10004.0,1
121400,Charlie,Paris,DIVING_GEAR,SEASHELLS,99413.0,1
121600,Paris,Camilla,BANANAS,SEASHELLS,4907.0,2
121600,Paris,Camilla,PEARLS,SEASHELLS,10002.0,2
121600,Paris,Camilla,BANANAS,SEASHELLS,4907.0,1
121700,Paris,Charlie,BANANAS,SEASHELLS,4907.0,1
121800,Charlie,Paris,PEARLS,SEASHELLS,9995.0,1
121800,Charlie,Paris,BANANAS,SEASHELLS,4901.0,1
122000,Gary,Camilla,BANANAS,SEASHELLS,4907.0,1
122200,Caesar,Paris,PEARLS,SEASHELLS,9996.0,1
122200,Caesar,Paris,BANANAS,SEASHELLS,4902.0,1
122200,Charlie,Caesar,BANANAS,SEASHELLS,4904.0,1
122500,Paris,Caesar,PEARLS,SEASHELLS,10004.0,2
122500,Penelope,Camilla,PEARLS,SEASHELLS,10002.0,6
122500,Paris,Camilla,BANANAS,SEASHELLS,4906.0,2
122500,Penelope,Charlie,PEARLS,SEASHELLS,10002.0,2
122600,Camilla,Penelope,PEARLS,SEASHELLS,9998.0,4
122700,Pablo,Charlie,PEARLS,SEASHELLS,10002.0,5
122800,Charlie,Paris,BANANAS,SEASHELLS,4903.0,1
123000,Camilla,Camilla,DIVING_GEAR,SEASHELLS,99402.0,2
123100,Pablo,Charlie,PEARLS,SEASHELLS,10002.0,1
123200,Charlie,Paris,BANANAS,SEASHELLS,4902.0,1
123500,Camilla,Pablo,PEARLS,SEASHELLS,9998.0,2
123500,Camilla,Paris,BANANAS,SEASHELLS,4903.0,1
123700,Caesar,Paris,PEARLS,SEASHELLS,9996.0,1
123700,Charlie,Paris,BANANAS,SEASHELLS,4904.0,1
123900,Gina,Charlie,BANANAS,SEASHELLS,4909.0,7
123900,Camilla,Pablo,PEARLS,SEASHELLS,9998.0,1
123900,Gina,Paris,BANANAS,SEASHELLS,4904.0,1
124000,Paris,Charlie,PEARLS,SEASHELLS,10002.0,1
124200,Gary,Charlie,BANANAS,SEASHELLS,4910.0,14
124200,Charlie,Pablo,PEARLS,SEASHELLS,9998.0,5
125000,Charlie,Paris,DIVING_GEAR,SEASHELLS,99441.0,2
125200,Paris,Charlie,BANANAS,SEASHELLS,4908.0,1
125200,Charlie,Paris,DIVING_GEAR,SEASHELLS,99434.0,2
125400,Paris,Caesar,PEARLS,SEASHELLS,10004.0,1
125400,Paris,Caesar,BANANAS,SEASHELLS,4909.0,1
125500,Camilla,Penelope,BERRIES,SEASHELLS,3961.0,10
125600,Camilla,Paris,DIVING_GEAR,SEASHELLS,99434.0,1
125600,Gina,Camilla,BANANAS,SEASHELLS,4908.0,1
125900,Caesar,Paris,PEARLS,SEASHELLS,9998.0,1
125900,Pablo,Paris,BANANAS,SEASHELLS,4908.0,1
126000,Pablo,Peter,BERRIES,SEASHELLS,3964.0,3
126200,Camilla,Paris,BANANAS,SEASHELLS,4905.0,1
126400,Paris,Pablo,PEARLS,SEASHELLS,9998.0,2
126400,Paris,Caesar,BANANAS,SEASHELLS,4911.0,1
126600,Camilla,Paris,BANANAS,SEASHELLS,4905.0,1
126700,Charlie,Paris,PEARLS,SEASHELLS,9998.0,1
126700,Charlie,Pablo,PEARLS,SEASHELLS,9998.0,1
126900,Paris,Camilla,BANANAS,SEASHELLS,4910.0,1
126900,Paris,Camilla,PEARLS,SEASHELLS,10002.0,1
126900,Charlie,Pablo,PINA_COLADAS,SEASHELLS,15204.0,14
127000,Pablo,Paris,PEARLS,SEASHELLS,10002.0,1
127000,Pablo,Charlie,PEARLS,SEASHELLS,10002.0,2
127100,Charlie,Paris,PEARLS,SEASHELLS,9998.0,1
127200,Camilla,Camilla,DIVING_GEAR,SEASHELLS,99446.0,1
127500,Paris,Camilla,PEARLS,SEASHELLS,10002.0,1
127500,Paris,Camilla,PEARLS,SEASHELLS,10002.0,2
127500,Paris,Camilla,BANANAS,SEASHELLS,4909.0,2
127700,Caesar,Pablo,PINA_COLADAS,SEASHELLS,15203.0,6
127900,Penelope,Charlie,BANANAS,SEASHELLS,4910.0,6
128000,Camilla,Gina,BANANAS,SEASHELLS,4905.0,4
128000,Pablo,Penelope,PEARLS,SEASHELLS,10002.0,2
128100,Penelope,Charlie,BANANAS,SEASHELLS,4910.0,11
128400,Charlie,Paris,BANANAS,SEASHELLS,4903.0,2
128400,Paris,Paris,PEARLS,SEASHELLS,10002.0,1
129000,Charlie,Paris,BANANAS,SEASHELLS,4902.0,1
129100,Penelope,Charlie,BANANAS,SEASHELLS,4908.0,7
129200,Camilla,Paris,BERRIES,SEASHELLS,3958.0,10
129200,Charlie,Paris,BANANAS,SEASHELLS,4902.0,1
129400,Charlie,Paris,PEARLS,SEASHELLS,9998.0,1
129500,Charlie,Paris,PEARLS,SEASHELLS,9998.0,1
129700,Pablo,Caesar,COCONUTS,SEASHELLS,8111.0,12
129800,Paris,Charlie,BANANAS,SEASHELLS,4909.0,2
129800,Paris,Charlie,PEARLS,SEASHELLS,10005.0,2
129900,Penelope,Camilla,BERRIES,SEASHELLS,3964.0,12
130100,Paris,Camilla,BANANAS,SEASHELLS,4906.0,1
130200,Paris,Camilla,DIVING_GEAR,SEASHELLS,99506.0,1
130300,Penelope,Charlie,PEARLS,SEASHELLS,10005.0,2
130300,Charlie,Pablo,PINA_COLADAS,SEASHELLS,15210.0,13
130400,Paris,Charlie,BANANAS,SEASHELLS,4907.0,1
130400,Paris,Caesar,PEARLS,SEASHELLS,10004.0,1
130500,Paris,Charlie,DIVING_GEAR,SEASHELLS,99513.0,3
130800,Camilla,Camilla,DIVING_GEAR,SEASHELLS,99496.0,2
131200,Caesar,Paris,BANANAS,SEASHELLS,4901.0,1
131200,Camilla,Paris,DIVING_GEAR,SEASHELLS,99507.0,1
131500,Caesar,Paris,PEARLS,SEASHELLS,9996.0,1
131500,Charlie,Paris,BANANAS,SEASHELLS,4900.0,2
131700,Charlie,Pablo,BANANAS,SEASHELLS,4900.0,4
131800,Charlie,Pablo,COCONUTS,SEASHELLS,8114.0,17
131800,Camilla,Pablo,BANANAS,SEASHELLS,4900.0,2
131900,Caesar,Paris,PEARLS,SEASHELLS,9996.0,1
131900,Charlie,Paris,PEARLS,SEASHELLS,9996.0,1
131900,Charlie,Paris,BANANAS,SEASHELLS,4899.0,2
132100,Paris,Charlie,PEARLS,SEASHELLS,10002.0,1
132200,Paris,Caesar,PEARLS,SEASHELLS,10004.0,1
132200,Caesar,Caesar,COCONUTS,SEASHELLS,8116.0,57
132200,Paris,Caesar,BANANAS,SEASHELLS,4905.0,1
132300,Charlie,Paris,PEARLS,SEASHELLS,9995.0,1
132300,Charlie,Pablo,PEARLS,SEASHELLS,9998.0,2
132300,Charlie,Paris,BANANAS,SEASHELLS,4899.0,1
132300,Charlie,Paris,PEARLS,SEASHELLS,9998.0,1
132600,Camilla,Paris,PEARLS,SEASHELLS,9998.0,1
132600,Camilla,Paris,BANANAS,SEASHELLS,4900.0,1
132800,Pablo,Paris,BANANAS,SEASHELLS,4904.0,1
133000,Camilla,Pablo,PEARLS,SEASHELLS,9998.0,2
133200,Paris,Charlie,BANANAS,SEASHELLS,4907.0,1
133300,Paris,Camilla,BERRIES,SEASHELLS,3964.0,2
133500,Camilla,Penelope,PEARLS,SEASHELLS,9998.0,3
133500,Gary,Charlie,PEARLS,SEASHELLS,10005.0,8
133600,Paris,Camilla,BERRIES,SEASHELLS,3964.0,5
133700,Paris,Camilla,BERRIES,SEASHELLS,3964.0,6
134000,Charlie,Paris,BANANAS,SEASHELLS,4903.0,1
134200,Caesar,Pablo,PINA_COLADAS,SEASHELLS,15206.0,9
134400,Gary,Charlie,BANANAS,SEASHELLS,4908.0,20
134500,Penelope,Camilla,BANANAS,SEASHELLS,4906.0,3
134500,Paris,Camilla,BANANAS,SEASHELLS,4907.0,1
134500,Penelope,Charlie,BANANAS,SEASHELLS,4906.0,8
134700,Camilla,Paris,PEARLS,SEASHELLS,9998.0,1
134700,Camilla,Paris,DIVING_GEAR,SEASHELLS,99517.0,1
134800,Charlie,Pablo,BANANAS,SEASHELLS,4903.0,5
135700,Gary,Camilla,BERRIES,SEASHELLS,3965.0,15
135800,Paris,Pablo,BANANAS,SEASHELLS,4902.0,1
135800,Charlie,Pablo,BANANAS,SEASHELLS,4902.0,1
136200,Pablo,Charlie,BANANAS,SEASHELLS,4906.0,2
136500,Charlie,Paris,BANANAS,SEASHELLS,4902.0,1
136900,Camilla,Camilla,DIVING_GEAR,SEASHELLS,99468.0,3
137000,Paris,Charlie,PEARLS,SEASHELLS,10002.0,1
137100,Caesar,Paris,BANANAS,SEASHELLS,4902.0,1
137400,Charlie,Paris,BANANAS,SEASHELLS,4901.0,1
137400,Charlie,Paris,PEARLS,SEASHELLS,9995.0,1
137700,Caesar,Paris,PEARLS,SEASHELLS,9996.0,2
137700,Caesar,Paris,BANANAS,SEASHELLS,4901.0,2
137800,Charlie,Paris,BANANAS,SEASHELLS,4900.0,2
137800,Caesar,Paris,PEARLS,SEASHELLS,9996.0,2
137800,Camilla,Paris,BERRIES,SEASHELLS,3961.0,5
138100,Paris,Charlie,DIVING_GEAR,SEASHELLS,99461.0,3
138100,Charlie,Gina,BANANAS,SEASHELLS,4901.0,8
138200,Charlie,Paris,PEARLS,SEASHELLS,9998.0,1
138200,Paris,Charlie,BANANAS,SEASHELLS,4905.0,1
138300,Camilla,Paris,BERRIES,SEASHELLS,3961.0,6
138600,Pablo,Paris,BANANAS,SEASHELLS,4902.0,1
138600,Paris,Caesar,PEARLS,SEASHELLS,10004.0,1
138600,Paris,Charlie,BANANAS,SEASHELLS,4904.0,1
138700,Paris,Camilla,BANANAS,SEASHELLS,4903.0,1
139300,Paris,Charlie,BANANAS,SEASHELLS,4904.0,1
139400,Paris,Camilla,BANANAS,SEASHELLS,4904.0,1
139400,Caesar,Penelope,PEARLS,SEASHELLS,9996.0,1
140100,Camilla,Paris,DIVING_GEAR,SEASHELLS,99500.0,2
140300,Caesar,Peter,COCONUTS,SEASHELLS,8108.0,5
140500,Charlie,Paris,PEARLS,SEASHELLS,9998.0,1
140600,Paris,Camilla,BERRIES,SEASHELLS,3969.0,1
140600,Caesar,Paris,BANANAS,SEASHELLS,4900.0,1
140900,Camilla,Paris,BERRIES,SEASHELLS,3962.0,3
141400,Charlie,Gary,PEARLS,SEASHELLS,9995.0,10
141500,Charlie,Paris,BANANAS,SEASHELLS,4900.0,1
141600,Pablo,Paris,PEARLS,SEASHELLS,10002.0,1
141600,Pablo,Camilla,PEARLS,SEASHELLS,10002.0,2
141800,Caesar,Caesar,PINA_COLADAS,SEASHELLS,15190.0,22
141900,Charlie,Paris,DIVING_GEAR,SEASHELLS,99476.0,1
142100,Paris,Camilla,BANANAS,SEASHELLS,4907.0,1
142200,Charlie,Paris,BANANAS,SEASHELLS,4902.0,1
142500,Charlie,Paris,PEARLS,SEASHELLS,9998.0,1
142800,Caesar,Caesar,PINA_COLADAS,SEASHELLS,15188.0,2
142800,Caesar,Caesar,PINA_COLADAS,SEASHELLS,15188.0,28
143300,Camilla,Paris,PEARLS,SEASHELLS,9998.0,1
143800,Camilla,Paris,BANANAS,SEASHELLS,4902.0,1
143900,Camilla,Paris,BERRIES,SEASHELLS,3967.0,3
143900,Pablo,Paris,BANANAS,SEASHELLS,4905.0,1
143900,Camilla,Penelope,BERRIES,SEASHELLS,3967.0,11
143900,Caesar,Paris,PEARLS,SEASHELLS,9998.0,1
144100,Paris,Charlie,BANANAS,SEASHELLS,4906.0,1
144400,Charlie,Paris,BANANAS,SEASHELLS,4900.0,1
144500,Gary,Charlie,PEARLS,SEASHELLS,10004.0,10
144500,Gary,Caesar,PEARLS,SEASHELLS,10004.0,2
144600,Camilla,Paris,BANANAS,SEASHELLS,4901.0,2
144600,Camilla,Paris,PEARLS,SEASHELLS,9998.0,2
144800,Paris,Charlie,PEARLS,SEASHELLS,10002.0,1
144900,Peter,Charlie,PINA_COLADAS,SEASHELLS,15185.0,3
145000,Paris,Charlie,DIVING_GEAR,SEASHELLS,99471.0,2
145100,Paris,Charlie,BANANAS,SEASHELLS,4907.0,1
145100,Paris,Camilla,DIVING_GEAR,SEASHELLS,99468.0,2
145100,Camilla,Penelope,PEARLS,SEASHELLS,9998.0,6
145100,Paris,Charlie,PEARLS,SEASHELLS,10005.0,1
145200,Caesar,Paris,BANANAS,SEASHELLS,4901.0,1
145400,Penelope,Charlie,BANANAS,SEASHELLS,4907.0,1
145400,Penelope,Caesar,BANANAS,SEASHELLS,4907.0,1
145600,Paris,Camilla,BANANAS,SEASHELLS,4905.0,1
145600,Paris,Camilla,BANANAS,SEASHELLS,4906.0,1
145600,Paris,Camilla,PEARLS,SEASHELLS,10002.0,1
145700,Camilla,Penelope,BERRIES,SEASHELLS,3970.0,10
145900,Pablo,Paris,PEARLS,SEASHELLS,10002.0,2
145900,Charlie,Paris,BANANAS,SEASHELLS,4900.0,2
146400,Camilla,Paris,BANANAS,SEASHELLS,4901.0,1
146400,Camilla,Paris,PEARLS,SEASHELLS,9998.0,1
146400,Pablo,Peter,BERRIES,SEASHELLS,3975.0,3
146600,Charlie,Paris,DIVING_GEAR,SEASHELLS,99464.0,2
146700,Camilla,Camilla,DIVING_GEAR,SEASHELLS,99472.0,2
147000,Paris,Caesar,PEARLS,SEASHELLS,10004.0,1
147000,Paris,Charlie,BANANAS,SEASHELLS,4908.0,2
147000,Paris,Charlie,PEARLS,SEASHELLS,10002.0,1
147000,Paris,Charlie,PEARLS,SEASHELLS,10004.0,1
147000,Paris,Pablo,BANANAS,SEASHELLS,4903.0,1
147200,Paris,Charlie,BANANAS,SEASHELLS,4907.0,1
147400,Charlie,Paris,BANANAS,SEASHELLS,4904.0,1
147500,Paris,Charlie,BANANAS,SEASHELLS,4910.0,1
148200,Charlie,Pablo,PEARLS,SEASHELLS,9998.0,2
148200,Paris,Charlie,BANANAS,SEASHELLS,4910.0,1
148200,Paris,Pablo,PEARLS,SEASHELLS,9998.0,2
148200,Paris,Charlie,BANANAS,SEASHELLS,4911.0,2
148200,Paris,Pablo,PEARLS,SEASHELLS,9998.0,1
148300,Paris,Caesar,BANANAS,SEASHELLS,4910.0,1
148300,Penelope,Caesar,BANANAS,SEASHELLS,4907.0,4
148700,Charlie,Paris,PEARLS,SEASHELLS,9995.0,2
148700,Paris,Paris,BANANAS,SEASHELLS,4910.0,1
148700,Penelope,Charlie,PEARLS,SEASHELLS,10005.0,5
149000,Paris,Camilla,PEARLS,SEASHELLS,10002.0,1
149000,Gina,Camilla,BANANAS,SEASHELLS,4909.0,3
149000,Gina,Charlie,BANANAS,SEASHELLS,4909.0,3
149000,Gina,Paris,BANANAS,SEASHELLS,4905.0,1
149100,Peter,Charlie,PINA_COLADAS,SEASHELLS,15156.0,3
149100,Camilla,Paris,BANANAS,SEASHELLS,4904.0,1
149500,Charlie,Paris,BANANAS,SEASHELLS,4904.0,1
150300,Peter,Charlie,COCONUTS,SEASHELLS,8097.0,9
150300,Paris,Charlie,PEARLS,SEASHELLS,10002.0,1
150600,Charlie,Penelope,BANANAS,SEASHELLS,4903.0,6
150600,Paris,Charlie,PEARLS,SEASHELLS,10002.0,1
150600,Charlie,Pablo,COCONUTS,SEASHELLS,8091.0,23
150800,Camilla,Pablo,BANANAS,SEASHELLS,4904.0,3
151100,Pablo,Camilla,PEARLS,SEASHELLS,10002.0,5
151200,Gary,Caesar,PEARLS,SEASHELLS,10004.0,2
151400,Paris,Camilla,BERRIES,SEASHELLS,3981.0,9
151400,Caesar,Caesar,PINA_COLADAS,SEASHELLS,15153.0,34
151500,Paris,Caesar,PEARLS,SEASHELLS,10004.0,1
151500,Camilla,Paris,DIVING_GEAR,SEASHELLS,99538.0,1
151500,Paris,Charlie,BANANAS,SEASHELLS,4908.0,1
151600,Charlie,Paris,PEARLS,SEASHELLS,9995.0,1
151600,Caesar,Penelope,PEARLS,SEASHELLS,9996.0,1
151600,Charlie,Paris,BANANAS,SEASHELLS,4902.0,1
151700,Charlie,Paris,BANANAS,SEASHELLS,4901.0,1
151800,Charlie,Gary,BANANAS,SEASHELLS,4901.0,19
152100,Paris,Charlie,PEARLS,SEASHELLS,10002.0,1
152100,Paris,Charlie,BANANAS,SEASHELLS,4906.0,1
152400,Charlie,Paris,PEARLS,SEASHELLS,9998.0,1
152400,Camilla,Paris,BERRIES,SEASHELLS,3973.0,4
152600,Camilla,Paris,PEARLS,SEASHELLS,9998.0,1
152700,Caesar,Penelope,PEARLS,SEASHELLS,9996.0,1
152800,Paris,Camilla,BANANAS,SEASHELLS,4905.0,1
153000,Camilla,Paris,BERRIES,SEASHELLS,3972.0,4
153000,Charlie,Paris,PEARLS,SEASHELLS,9998.0,1
153000,Charlie,Pablo,BANANAS,SEASHELLS,4901.0,2
153100,Charlie,Camilla,DIVING_GEAR,SEASHELLS,99544.0,1
153200,Pablo,Charlie,PEARLS,SEASHELLS,10002.0,2
153300,Charlie,Paris,PEARLS,SEASHELLS,9998.0,1
153500,Camilla,Paris,BANANAS,SEASHELLS,4899.0,1
153600,Charlie,Paris,BANANAS,SEASHELLS,4899.0,1
154000,Paris,Charlie,BANANAS,SEASHELLS,4905.0,1
154000,Caesar,Pablo,PINA_COLADAS,SEASHELLS,15185.0,14
154200,Charlie,Paris,BANANAS,SEASHELLS,4899.0,2
154200,Charlie,Paris,PEARLS,SEASHELLS,9996.0,1
154200,Caesar,Paris,PEARLS,SEASHELLS,9996.0,1
154300,Charlie,Pablo,BANANAS,SEASHELLS,4901.0,2
154900,Pablo,Charlie,BANANAS,SEASHELLS,4905.0,2
155000,Camilla,Paris,DIVING_GEAR,SEASHELLS,99560.0,2
155200,Camilla,Paris,BANANAS,SEASHELLS,4902.0,1
155200,Paris,Charlie,BANANAS,SEASHELLS,4908.0,1
155200,Paris,Caesar,PEARLS,SEASHELLS,10004.0,1
155300,Paris,Camilla,BERRIES,SEASHELLS,3978.0,6
155300,Charlie,Pablo,PEARLS,SEASHELLS,9998.0,3
155700,Gina,Charlie,BANANAS,SEASHELLS,4906.0,13
155800,Charlie,Peter,COCONUTS,SEASHELLS,8099.0,5
156100,Paris,Charlie,PEARLS,SEASHELLS,10002.0,1
156400,Camilla,Penelope,PEARLS,SEASHELLS,9998.0,2
156400,Charlie,Penelope,PEARLS,SEASHELLS,9998.0,1
156500,Charlie,Penelope,BANANAS,SEASHELLS,4900.0,9
156700,Gary,Charlie,BANANAS,SEASHELLS,4906.0,20
156800,Camilla,Paris,PEARLS,SEASHELLS,9998.0,1
156800,Charlie,Paris,BANANAS,SEASHELLS,4900.0,1
156800,Camilla,Paris,BANANAS,SEASHELLS,4900.0,1
156800,Charlie,Paris,PEARLS,SEASHELLS,9998.0,1
156900,Paris,Charlie,BANANAS,SEASHELLS,4906.0,1
156900,Paris,Paris,PEARLS,SEASHELLS,9998.0,1
156900,Penelope,Charlie,BANANAS,SEASHELLS,4906.0,5
157100,Paris,Camilla,PEARLS,SEASHELLS,10002.0,1
157200,Charlie,Gary,BANANAS,SEASHELLS,4898.0,12
157400,Caesar,Paris,PEARLS,SEASHELLS,9996.0,1
157400,Caesar,Paris,BANANAS,SEASHELLS,4898.0,1
157400,Charlie,Pablo,BANANAS,SEASHELLS,4899.0,3
157500,Charlie,Pablo,BANANAS,SEASHELLS,4899.0,5
157800,Paris,Camilla,PEARLS,SEASHELLS,10002.0,1
158200,Charlie,Gina,BANANAS,SEASHELLS,4897.0,11
158300,Camilla,Paris,PEARLS,SEASHELLS,9998.0,1
158400,Paris,Caesar,BANANAS,SEASHELLS,4902.0,1
158400,Paris,Caesar,PEARLS,SEASHELLS,10004.0,1
158500,Camilla,Camilla,DIVING_GEAR,SEASHELLS,99550.0,1
158700,Charlie,Paris,PEARLS,SEASHELLS,9998.0,1
158700,Paris,Charlie,BANANAS,SEASHELLS,4901.0,1
159200,Charlie,Paris,BANANAS,SEASHELLS,4895.0,1
159300,Charlie,Paris,BANANAS,SEASHELLS,4895.0,1
159400,Caesar,Gina,BANANAS,SEASHELLS,4895.0,1
159400,Camilla,Penelope,BERRIES,SEASHELLS,3972.0,11
159400,Charlie,Paris,PEARLS,SEASHELLS,9998.0,1
159400,Charlie,Gina,BANANAS,SEASHELLS,4895.0,5
159400,Paris,Gina,BANANAS,SEASHELLS,4900.0,1
159500,Paris,Paris,BANANAS,SEASHELLS,4899.0,1
159500,Charlie,Paris,PEARLS,SEASHELLS,9995.0,1
160000,Gary,Charlie,PEARLS,SEASHELLS,10005.0,12
160100,Paris,Camilla,DIVING_GEAR,SEASHELLS,99552.0,3
160200,Gary,Camilla,BERRIES,SEASHELLS,3978.0,19
160700,Camilla,Paris,BERRIES,SEASHELLS,3973.0,10
161000,Charlie,Paris,BANANAS,SEASHELLS,4897.0,2
161000,Caesar,Paris,PEARLS,SEASHELLS,9996.0,2
161500,Paris,Camilla,BANANAS,SEASHELLS,4904.0,1
161500,Gina,Camilla,BANANAS,SEASHELLS,4903.0,4
161600,Paris,Gary,PEARLS,SEASHELLS,10002.0,1
162000,Camilla,Camilla,DIVING_GEAR,SEASHELLS,99514.0,2
162400,Paris,Camilla,DIVING_GEAR,SEASHELLS,99501.0,2
162400,Camilla,Pablo,BANANAS,SEASHELLS,4900.0,5
162500,Paris,Camilla,BERRIES,SEASHELLS,3978.0,9
163100,Charlie,Paris,BANANAS,SEASHELLS,4899.0,1
163400,Paris,Charlie,BANANAS,SEASHELLS,4904.0,1
163400,Paris,Charlie,PEARLS,SEASHELLS,10004.0,1
163400,Paris,Caesar,PEARLS,SEASHELLS,10004.0,1
163400,Paris,Caesar,BANANAS,SEASHELLS,4904.0,1
163500,Charlie,Penelope,BANANAS,SEASHELLS,4898.0,12
163900,Paris,Charlie,DIVING_GEAR,SEASHELLS,99508.0,1
163900,Gary,Caesar,PEARLS,SEASHELLS,10004.0,2
163900,Paris,Camilla,BERRIES,SEASHELLS,3978.0,2
164600,Charlie,Paris,PEARLS,SEASHELLS,9998.0,1
164800,Penelope,Charlie,PEARLS,SEASHELLS,10004.0,3
164800,Penelope,Caesar,PEARLS,SEASHELLS,10004.0,1
164900,Paris,Charlie,BANANAS,SEASHELLS,4904.0,1
164900,Paris,Charlie,PEARLS,SEASHELLS,10005.0,1
164900,Camilla,Penelope,BERRIES,SEASHELLS,3971.0,13
165200,Camilla,Paris,DIVING_GEAR,SEASHELLS,99514.0,2
165300,Paris,Camilla,BANANAS,SEASHELLS,4901.0,1
165700,Paris,Charlie,BANANAS,SEASHELLS,4901.0,1
165800,Paris,Caesar,PEARLS,SEASHELLS,10004.0,1
165800,Camilla,Paris,BANANAS,SEASHELLS,4896.0,1
165800,Paris,Charlie,BANANAS,SEASHELLS,4902.0,2
165900,Caesar,Gary,PEARLS,SEASHELLS,9996.0,1
165900,Camilla,Paris,DIVING_GEAR,SEASHELLS,99517.0,1
166000,Paris,Camilla,BERRIES,SEASHELLS,3979.0,7
166200,Paris,Charlie,PEARLS,SEASHELLS,10002.0,1
166400,Caesar,Gina,BANANAS,SEASHELLS,4896.0,3
166400,Camilla,Gina,BANANAS,SEASHELLS,4896.0,4
166500,Charlie,Paris,BANANAS,SEASHELLS,4896.0,1
166800,Caesar,Caesar,COCONUTS,SEASHELLS,8098.0,66
167100,Caesar,Paris,PEARLS,SEASHELLS,9996.0,2
167100,Charlie,Paris,BANANAS,SEASHELLS,4896.0,2
167100,Penelope,Charlie,BANANAS,SEASHELLS,4903.0,8
167200,Charlie,Pablo,COCONUTS,SEASHELLS,8097.0,26
167400,Paris,Camilla,BANANAS,SEASHELLS,4901.0,1
167500,Charlie,Penelope,BANANAS,SEASHELLS,4896.0,4
167500,Paris,Camilla,DIVING_GEAR,SEASHELLS,99490.0,1
167800,Caesar,Penelope,BANANAS,SEASHELLS,4898.0,6
168000,Camilla,Paris,BERRIES,SEASHELLS,3972.0,1
168200,Paris,Charlie,PEARLS,SEASHELLS,10005.0,2
168200,Paris,Charlie,BANANAS,SEASHELLS,4902.0,2
168300,Paris,Camilla,BERRIES,SEASHELLS,3978.0,8
168400,Gary,Caesar,PEARLS,SEASHELLS,10004.0,1
168400,Gary,Charlie,PEARLS,SEASHELLS,10004.0,9
168400,Camilla,Pablo,PEARLS,SEASHELLS,9998.0,3
169000,Charlie,Paris,PEARLS,SEASHELLS,9998.0,1
169200,Charlie,Paris,BANANAS,SEASHELLS,4895.0,2
169200,Charlie,Paris,PEARLS,SEASHELLS,9995.0,2
169400,Penelope,Camilla,BERRIES,SEASHELLS,3977.0,12
169900,Camilla,Pablo,PEARLS,SEASHELLS,9998.0,2
169900,Charlie,Pablo,COCONUTS,SEASHELLS,8101.0,23
170000,Charlie,Pablo,PEARLS,SEASHELLS,9998.0,5
170100,Caesar,Paris,BANANAS,SEASHELLS,4896.0,1
170100,Paris,Camilla,BERRIES,SEASHELLS,3975.0,5
170200,Charlie,Paris,PEARLS,SEASHELLS,9998.0,1
170200,Charlie,Pablo,BANANAS,SEASHELLS,4897.0,3
170300,Peter,Charlie,COCONUTS,SEASHELLS,8102.0,5
170600,Penelope,Camilla,BANANAS,SEASHELLS,4899.0,3
170700,Camilla,Penelope,BERRIES,SEASHELLS,3967.0,12
170700,Camilla,Paris,BERRIES,SEASHELLS,3967.0,5
170800,Camilla,Paris,DIVING_GEAR,SEASHELLS,99403.0,1
171300,Camilla,Paris,PEARLS,SEASHELLS,9998.0,1
171300,Camilla,Paris,BANANAS,SEASHELLS,4894.0,1
171300,Camilla,Camilla,DIVING_GEAR,SEASHELLS,99430.0,2
171600,Paris,Camilla,BANANAS,SEASHELLS,4898.0,1
171600,Charlie,Paris,PEARLS,SEASHELLS,9998.0,1
171700,Pablo,Charlie,PEARLS,SEASHELLS,10002.0,2
171800,Charlie,Paris,PEARLS,SEASHELLS,9995.0,1
171800,Paris,Paris,BANANAS,SEASHELLS,4898.0,1
172200,Camilla,Gary,BERRIES,SEASHELLS,3967.0,15
172300,Charlie,Peter,PINA_COLADAS,SEASHELLS,15184.0,5
172300,Charlie,Pablo,COCONUTS,SEASHELLS,8097.0,11
172400,Paris,Camilla,BANANAS,SEASHELLS,4898.0,1
172600,Paris,Caesar,BANANAS,SEASHELLS,4899.0,1
172600,Paris,Caesar,PEARLS,SEASHELLS,10004.0,1
172700,Charlie,Paris,DIVING_GEAR,SEASHELLS,99424.0,1
172800,Camilla,Paris,DIVING_GEAR,SEASHELLS,99420.0,2
172800,Paris,Camilla,BERRIES,SEASHELLS,3972.0,5
172800,Charlie,Paris,BANANAS,SEASHELLS,4894.0,1
172900,Penelope,Pablo,PEARLS,SEASHELLS,9998.0,2
172900,Penelope,Camilla,BERRIES,SEASHELLS,3971.0,12
173000,Camilla,Paris,PEARLS,SEASHELLS,9998.0,2
173000,Camilla,Paris,BANANAS,SEASHELLS,4895.0,2
173100,Charlie,Paris,BANANAS,SEASHELLS,4894.0,1
173300,Paris,Charlie,BANANAS,SEASHELLS,4901.0,2
173300,Paris,Caesar,PEARLS,SEASHELLS,10004.0,1
173500,Caesar,Caesar,COCONUTS,SEASHELLS,8100.0,50
173500,Caesar,Gary,BANANAS,SEASHELLS,4894.0,1
173500,Charlie,Gary,BANANAS,SEASHELLS,4894.0,14
173700,Camilla,Paris,BERRIES,SEASHELLS,3966.0,4
173800,Camilla,Paris,BERRIES,SEASHELLS,3966.0,6
174400,Charlie,Paris,BANANAS,SEASHELLS,4894.0,2
174400,Paris,Paris,PEARLS,SEASHELLS,10002.0,1
174600,Paris,Camilla,PEARLS,SEASHELLS,10002.0,1
174800,Charlie,Pablo,COCONUTS,SEASHELLS,8102.0,10
174800,Caesar,Paris,BANANAS,SEASHELLS,4895.0,1
175100,Pablo,Camilla,PEARLS,SEASHELLS,10002.0,2
175200,Charlie,Camilla,DIVING_GEAR,SEASHELLS,99423.0,2
175800,Camilla,Gary,BERRIES,SEASHELLS,3960.0,10
175900,Charlie,Pablo,PINA_COLADAS,SEASHELLS,15171.0,10
176100,Gary,Camilla,BERRIES,SEASHELLS,3967.0,11
176100,Charlie,Peter,PINA_COLADAS,SEASHELLS,15163.0,2
176300,Penelope,Charlie,PEARLS,SEASHELLS,10005.0,3
176700,Camilla,Paris,PEARLS,SEASHELLS,9998.0,2
176700,Camilla,Pablo,PEARLS,SEASHELLS,9998.0,2
176700,Camilla,Paris,BANANAS,SEASHELLS,4894.0,2
176900,Charlie,Penelope,BANANAS,SEASHELLS,4893.0,7
177000,Charlie,Paris,BANANAS,SEASHELLS,4893.0,1
177100,Caesar,Caesar,PINA_COLADAS,SEASHELLS,15159.0,34
177300,Charlie,Paris,DIVING_GEAR,SEASHELLS,99424.0,1
177500,Camilla,Paris,DIVING_GEAR,SEASHELLS,99422.0,2
177600,Penelope,Charlie,PEARLS,SEASHELLS,10005.0,6
177600,Penelope,Charlie,BANANAS,SEASHELLS,4899.0,4
177900,Paris,Charlie,BANANAS,SEASHELLS,4899.0,1
177900,Paris,Caesar,PEARLS,SEASHELLS,10004.0,1
178000,Charlie,Pablo,PINA_COLADAS,SEASHELLS,15156.0,14
178100,Caesar,Pablo,PINA_COLADAS,SEASHELLS,15157.0,15
178100,Pablo,Charlie,BANANAS,SEASHELLS,4898.0,1
178500,Charlie,Peter,PINA_COLADAS,SEASHELLS,15158.0,2
178600,Gina,Charlie,BANANAS,SEASHELLS,4899.0,7
178800,Charlie,Paris,BANANAS,SEASHELLS,4895.0,1
179500,Paris,Charlie,PEARLS,SEASHELLS,10002.0,1
179600,Paris,Charlie,BANANAS,SEASHELLS,4902.0,1
179600,Camilla,Paris,BERRIES,SEASHELLS,3957.0,2
179800,Charlie,Penelope,BANANAS,SEASHELLS,4898.0,10
179900,Charlie,Pablo,BANANAS,SEASHELLS,4899.0,3
179900,Pablo,Charlie,PEARLS,SEASHELLS,10002.0,4
180000,Charlie,Pablo,BANANAS,SEASHELLS,4899.0,3
180000,Charlie,Pablo,PEARLS,SEASHELLS,9998.0,1
180200,Penelope,Charlie,BANANAS,SEASHELLS,4904.0,5
180300,Charlie,Paris,BANANAS,SEASHELLS,4898.0,1
180400,Paris,Charlie,BANANAS,SEASHELLS,4903.0,1
180600,Charlie,Pablo,PINA_COLADAS,SEASHELLS,15159.0,9
180600,Pablo,Charlie,PEARLS,SEASHELLS,10002.0,1
180900,Paris,Caesar,PEARLS,SEASHELLS,10004.0,1
180900,Paris,Charlie,BANANAS,SEASHELLS,4905.0,2
180900,Paris,Charlie,PEARLS,SEASHELLS,10004.0,1
181400,Paris,Camilla,BERRIES,SEASHELLS,3968.0,5
181600,Paris,Camilla,BERRIES,SEASHELLS,3969.0,7
181600,Pablo,Charlie,PEARLS,SEASHELLS,10002.0,3
181800,Charlie,Penelope,BANANAS,SEASHELLS,4896.0,11
182000,Peter,Charlie,PINA_COLADAS,SEASHELLS,15160.0,2
182200,Pablo,Charlie,BANANAS,SEASHELLS,4902.0,2
182200,Paris,Charlie,BANANAS,SEASHELLS,4903.0,1
182500,Paris,Charlie,BANANAS,SEASHELLS,4904.0,1
182500,Pablo,Charlie,PEARLS,SEASHELLS,10002.0,1
182600,Gary,Camilla,BERRIES,SEASHELLS,3971.0,15
182800,Paris,Caesar,PEARLS,SEASHELLS,10002.0,1
183100,Paris,Camilla,BERRIES,SEASHELLS,3970.0,1
183300,Charlie,Paris,BANANAS,SEASHELLS,4899.0,1
183400,Charlie,Gina,PEARLS,SEASHELLS,9998.0,2
183400,Camilla,Gina,PEARLS,SEASHELLS,9998.0,10
183500,Paris,Camilla,DIVING_GEAR,SEASHELLS,99393.0,2
183600,Paris,Camilla,PEARLS,SEASHELLS,10002.0,1
183600,Charlie,Pablo,BANANAS,SEASHELLS,4900.0,5
183800,Charlie,Paris,BANANAS,SEASHELLS,4899.0,1
184100,Charlie,Pablo,COCONUTS,SEASHELLS,8091.0,18
184300,Caesar,Peter,PINA_COLADAS,SEASHELLS,15158.0,4
184700,Charlie,Peter,COCONUTS,SEASHELLS,8091.0,9
184800,Camilla,Paris,BANANAS,SEASHELLS,4899.0,1
184800,Camilla,Paris,PEARLS,SEASHELLS,9998.0,1
185000,Caesar,Paris,PEARLS,SEASHELLS,9996.0,1
185000,Gary,Camilla,BERRIES,SEASHELLS,3972.0,13
185000,Charlie,Paris,BANANAS,SEASHELLS,4899.0,2
185500,Caesar,Paris,BANANAS,SEASHELLS,4899.0,2
185500,Caesar,Paris,PEARLS,SEASHELLS,9996.0,2
185700,Charlie,Camilla,DIVING_GEAR,SEASHELLS,99412.0,2
185800,Paris,Camilla,BANANAS,SEASHELLS,4904.0,1
186200,Gary,Camilla,PEARLS,SEASHELLS,10002.0,5
186300,Caesar,Pablo,PINA_COLADAS,SEASHELLS,15160.0,14
186600,Camilla,Paris,BERRIES,SEASHELLS,3964.0,10
186700,Caesar,Gary,PEARLS,SEASHELLS,9996.0,1
186700,Charlie,Gary,PEARLS,SEASHELLS,9996.0,11
187000,Charlie,Paris,BANANAS,SEASHELLS,4900.0,1
187200,Caesar,Pablo,PEARLS,SEASHELLS,9998.0,3
187200,Charlie,Pablo,COCONUTS,SEASHELLS,8091.0,16
187300,Charlie,Paris,PEARLS,SEASHELLS,9995.0,1
187300,Charlie,Paris,BANANAS,SEASHELLS,4900.0,1
187500,Charlie,Peter,PINA_COLADAS,SEASHELLS,15161.0,2
187600,Charlie,Paris,BANANAS,SEASHELLS,4899.0,1
187600,Gina,Paris,PEARLS,SEASHELLS,10002.0,1
187800,Camilla,Camilla,DIVING_GEAR,SEASHELLS,99454.0,1
187900,Penelope,Caesar,PEARLS,SEASHELLS,10004.0,2
187900,Camilla,Pablo,PEARLS,SEASHELLS,9998.0,4
188100,Charlie,Pablo,PINA_COLADAS,SEASHELLS,15161.0,6
188100,Paris,Camilla,BERRIES,SEASHELLS,3970.0,3
188200,Charlie,Paris,BANANAS,SEASHELLS,4899.0,1
188200,Caesar,Paris,PEARLS,SEASHELLS,9996.0,1
188200,Charlie,Paris,PEARLS,SEASHELLS,9998.0,1
188300,Charlie,Pablo,BANANAS,SEASHELLS,4900.0,4
188400,Penelope,Camilla,BERRIES,SEASHELLS,3970.0,13
188500,Paris,Charlie,BANANAS,SEASHELLS,4906.0,1
188500,Paris,Charlie,PEARLS,SEASHELLS,10005.0,1
188600,Gary,Charlie,BANANAS,SEASHELLS,4906.0,16
189200,Caesar,Gary,PEARLS,SEASHELLS,9996.0,2
189200,Charlie,Peter,PINA_COLADAS,SEASHELLS,15160.0,3
189600,Gina,Caesar,PEARLS,SEASHELLS,10002.0,2
189700,Charlie,Pablo,PINA_COLADAS,SEASHELLS,15157.0,15
189800,Charlie,Paris,PEARLS,SEASHELLS,9998.0,1
189900,Charlie,Pablo,BANANAS,SEASHELLS,4899.0,3
189900,Caesar,Pablo,BANANAS,SEASHELLS,4899.0,2
190000,Charlie,Paris,PEARLS,SEASHELLS,9998.0,1
190200,Charlie,Paris,BANANAS,SEASHELLS,4897.0,1
190300,Caesar,Penelope,PEARLS,SEASHELLS,9996.0,2
190600,Charlie,Gary,BANANAS,SEASHELLS,4897.0,19
190900,Charlie,Paris,BANANAS,SEASHELLS,4897.0,2
190900,Charlie,Paris,PEARLS,SEASHELLS,9995.0,2
191000,Charlie,Penelope,BANANAS,SEASHELLS,4897.0,3
191600,Camilla,Penelope,BERRIES,SEASHELLS,3962.0,11
192200,Paris,Charlie,BANANAS,SEASHELLS,4904.0,1
192600,Peter,Charlie,COCONUTS,SEASHELLS,8091.0,10
192800,Peter,Caesar,PINA_COLADAS,SEASHELLS,15148.0,2
193000,Charlie,Paris,PEARLS,SEASHELLS,9995.0,1
193000,Charlie,Paris,BANANAS,SEASHELLS,4899.0,1
193100,Charlie,Paris,BANANAS,SEASHELLS,4899.0,1
193200,Charlie,Peter,PINA_COLADAS,SEASHELLS,15144.0,4
193200,Paris,Camilla,BANANAS,SEASHELLS,4905.0,1
193400,Paris,Camilla,BERRIES,SEASHELLS,3969.0,10
193600,Gary,Charlie,BANANAS,SEASHELLS,4906.0,14
193700,Gary,Charlie,PEARLS,SEASHELLS,10005.0,11
193800,Caesar,Caesar,COCONUTS,SEASHELLS,8085.0,43
193800,Camilla,Paris,PEARLS,SEASHELLS,9998.0,1
193900,Caesar,Penelope,PEARLS,SEASHELLS,9996.0,2
194200,Paris,Charlie,PEARLS,SEASHELLS,10002.0,1
194200,Caesar,Paris,BANANAS,SEASHELLS,4899.0,1
194300,Charlie,Paris,BANANAS,SEASHELLS,4899.0,1
194800,Charlie,Paris,PEARLS,SEASHELLS,9995.0,1
194800,Caesar,Pablo,PINA_COLADAS,SEASHELLS,15150.0,10
194800,Charlie,Paris,BANANAS,SEASHELLS,4899.0,1
195100,Caesar,Penelope,PEARLS,SEASHELLS,9996.0,1
195400,Penelope,Camilla,BERRIES,SEASHELLS,3969.0,12
195400,Charlie,Peter,PINA_COLADAS,SEASHELLS,15158.0,2
195600,Paris,Charlie,BANANAS,SEASHELLS,4907.0,2
195600,Paris,Caesar,PEARLS,SEASHELLS,10004.0,2
195700,Charlie,Pablo,BANANAS,SEASHELLS,4902.0,5
196200,Charlie,Penelope,BANANAS,SEASHELLS,4901.0,4
196700,Paris,Charlie,BANANAS,SEASHELLS,4906.0,1
197000,Charlie,Paris,PEARLS,SEASHELLS,9998.0,1
197100,Paris,Charlie,PEARLS,SEASHELLS,10002.0,1
197400,Caesar,Gary,PEARLS,SEASHELLS,9996.0,1
197500,Camilla,Penelope,PEARLS,SEASHELLS,9998.0,5
197700,Charlie,Paris,BANANAS,SEASHELLS,4903.0,1
197700,Charlie,Paris,PEARLS,SEASHELLS,9995.0,1
197700,Caesar,Caesar,COCONUTS,SEASHELLS,8082.0,45
197800,Camilla,Paris,BERRIES,SEASHELLS,3967.0,7
198300,Peter,Paris,BERRIES,SEASHELLS,3972.0,2
198400,Camilla,Paris,PEARLS,SEASHELLS,9998.0,1
198500,Pablo,Camilla,PEARLS,SEASHELLS,10002.0,3
198900,Paris,Camilla,DIVING_GEAR,SEASHELLS,99501.0,2
198900,Paris,Camilla,BANANAS,SEASHELLS,4910.0,1
199100,Charlie,Camilla,DIVING_GEAR,SEASHELLS,99490.0,2
199300,Paris,Charlie,BANANAS,SEASHELLS,4910.0,1
199400,Pablo,Charlie,PEARLS,SEASHELLS,10002.0,3
199400,Paris,Charlie,PEARLS,SEASHELLS,10002.0,1
199500,Charlie,Olivia,BANANAS,SEASHELLS,4905.0,17
199700,Paris,Charlie,PEARLS,SEASHELLS,10002.0,1
199800,Charlie,Paris,DIVING_GEAR,SEASHELLS,99493.0,1
199900,Camilla,Pablo,BANANAS,SEASHELLS,4906.0,3
200100,Pablo,Charlie,PEARLS,SEASHELLS,10002.0,5
200200,Paris,Camilla,DIVING_GEAR,SEASHELLS,99482.0,2
200300,Paris,Charlie,BANANAS,SEASHELLS,4911.0,2
200300,Paris,Caesar,PEARLS,SEASHELLS,10004.0,2
200300,Camilla,Paris,BANANAS,SEASHELLS,4905.0,1
200400,Paris,Charlie,BANANAS,SEASHELLS,4911.0,1
200400,Paris,Caesar,PEARLS,SEASHELLS,10004.0,1
200800,Pablo,Camilla,PEARLS,SEASHELLS,10002.0,1
200800,Pablo,Camilla,BANANAS,SEASHELLS,4909.0,3
200900,Charlie,Paris,BANANAS,SEASHELLS,4904.0,1
201800,Penelope,Caesar,BANANAS,SEASHELLS,4909.0,1
201800,Penelope,Charlie,BANANAS,SEASHELLS,4909.0,8
201800,Pablo,Caesar,PINA_COLADAS,SEASHELLS,15178.0,8
201800,Charlie,Pablo,PEARLS,SEASHELLS,9998.0,3
201900,Charlie,Pablo,PINA_COLADAS,SEASHELLS,15179.0,6
202000,Pablo,Charlie,PEARLS,SEASHELLS,10002.0,3
202100,Camilla,Paris,BANANAS,SEASHELLS,4904.0,1
202200,Gina,Camilla,PEARLS,SEASHELLS,10002.0,5
202300,Paris,Camilla,DIVING_GEAR,SEASHELLS,99466.0,3
202500,Caesar,Pablo,PINA_COLADAS,SEASHELLS,15179.0,13
202600,Caesar,Caesar,COCONUTS,SEASHELLS,8085.0,40
202600,Pablo,Charlie,PEARLS,SEASHELLS,10002.0,4
202900,Penelope,Charlie,BANANAS,SEASHELLS,4910.0,4
203000,Paris,Charlie,BANANAS,SEASHELLS,4908.0,1
203200,Pablo,Charlie,BANANAS,SEASHELLS,4906.0,2
203300,Caesar,Penelope,PEARLS,SEASHELLS,9996.0,2
203300,Charlie,Penelope,BANANAS,SEASHELLS,4902.0,10
203700,Paris,Charlie,BANANAS,SEASHELLS,4907.0,1
203900,Paris,Charlie,BANANAS,SEASHELLS,4908.0,2
203900,Paris,Caesar,PEARLS,SEASHELLS,10004.0,1
204000,Caesar,Caesar,PINA_COLADAS,SEASHELLS,15174.0,20
204000,Caesar,Caesar,PINA_COLADAS,SEASHELLS,15174.0,5
204800,Gary,Charlie,PEARLS,SEASHELLS,10004.0,7
204800,Gary,Caesar,PEARLS,SEASHELLS,10004.0,1
205000,Paris,Caesar,BANANAS,SEASHELLS,4905.0,2
205000,Peter,Charlie,COCONUTS,SEASHELLS,8085.0,7
205000,Paris,Caesar,PEARLS,SEASHELLS,10004.0,2
205000,Charlie,Paris,BANANAS,SEASHELLS,4899.0,1
205400,Paris,Charlie,BANANAS,SEASHELLS,4905.0,1
205700,Caesar,Penelope,BANANAS,SEASHELLS,4899.0,1
205800,Paris,Camilla,PEARLS,SEASHELLS,10002.0,1
206000,Gary,Camilla,BERRIES,SEASHELLS,3974.0,12
206200,Camilla,Paris,DIVING_GEAR,SEASHELLS,99474.0,2
206400,Charlie,Paris,BANANAS,SEASHELLS,4898.0,2
206400,Caesar,Paris,PEARLS,SEASHELLS,9996.0,2
206800,Paris,Charlie,DIVING_GEAR,SEASHELLS,99467.0,1
206900,Peter,Caesar,PINA_COLADAS,SEASHELLS,15173.0,5
206900,Camilla,Camilla,DIVING_GEAR,SEASHELLS,99467.0,2
207000,Charlie,Paris,PEARLS,SEASHELLS,9998.0,1
207000,Charlie,Paris,BANANAS,SEASHELLS,4896.0,1
207100,Charlie,Gina,BANANAS,SEASHELLS,4897.0,10
207200,Paris,Camilla,BERRIES,SEASHELLS,3974.0,7
207300,Paris,Caesar,BANANAS,SEASHELLS,4902.0,1
207300,Paris,Caesar,PEARLS,SEASHELLS,10004.0,1
207400,Pablo,Caesar,PINA_COLADAS,SEASHELLS,15172.0,7
207500,Caesar,Penelope,PEARLS,SEASHELLS,9996.0,2
207500,Charlie,Penelope,PEARLS,SEASHELLS,9996.0,5
207800,Camilla,Camilla,DIVING_GEAR,SEASHELLS,99449.0,1
207800,Paris,Charlie,BANANAS,SEASHELLS,4900.0,1
207900,Camilla,Paris,BANANAS,SEASHELLS,4895.0,1
208000,Paris,Charlie,BANANAS,SEASHELLS,4901.0,1
208000,Paris,Caesar,PEARLS,SEASHELLS,10004.0,1
208100,Paris,Charlie,BANANAS,SEASHELLS,4901.0,1
208100,Paris,Paris,PEARLS,SEASHELLS,9998.0,1
208300,Charlie,Paris,BANANAS,SEASHELLS,4894.0,1
208400,Pablo,Caesar,COCONUTS,SEASHELLS,8086.0,14
208600,Peter,Charlie,PINA_COLADAS,SEASHELLS,15185.0,4
208700,Camilla,Paris,BANANAS,SEASHELLS,4893.0,1
209000,Paris,Charlie,BANANAS,SEASHELLS,4899.0,1
209000,Charlie,Paris,DIVING_GEAR,SEASHELLS,99473.0,1
209700,Caesar,Penelope,PEARLS,SEASHELLS,9996.0,2
209700,Charlie,Paris,BANANAS,SEASHELLS,4895.0,1
209700,Charlie,Penelope,PEARLS,SEASHELLS,9996.0,5
209900,Gary,Paris,PEARLS,SEASHELLS,9998.0,1
209900,Charlie,Caesar,BANANAS,SEASHELLS,4897.0,3
210000,Peter,Caesar,PINA_COLADAS,SEASHELLS,15187.0,3
210100,Charlie,Paris,BANANAS,SEASHELLS,4895.0,1
210300,Charlie,Paris,BANANAS,SEASHELLS,4895.0,1
210300,Paris,Camilla,PEARLS,SEASHELLS,10002.0,1
210300,Paris,Camilla,BANANAS,SEASHELLS,4899.0,1
210400,Charlie,Paris,BANANAS,SEASHELLS,4895.0,1
210500,Charlie,Gary,BANANAS,SEASHELLS,4895.0,13
210600,Charlie,Paris,BANANAS,SEASHELLS,4895.0,1
210600,Charlie,Paris,PEARLS,SEASHELLS,9995.0,1
210700,Charlie,Paris,BANANAS,SEASHELLS,4896.0,1
210700,Caesar,Paris,PEARLS,SEASHELLS,9996.0,1
211000,Charlie,Paris,DIVING_GEAR,SEASHELLS,99483.0,2
211100,Paris,Camilla,PEARLS,SEASHELLS,10002.0,1
211100,Paris,Camilla,BANANAS,SEASHELLS,4900.0,1
211300,Charlie,Paris,PEARLS,SEASHELLS,9998.0,1
211400,Charlie,Penelope,PEARLS,SEASHELLS,9996.0,1
211400,Caesar,Penelope,PEARLS,SEASHELLS,9996.0,2
211600,Penelope,Camilla,BERRIES,SEASHELLS,3974.0,11
211700,Caesar,Caesar,PINA_COLADAS,SEASHELLS,15198.0,6
211700,Caesar,Caesar,PINA_COLADAS,SEASHELLS,15198.0,21
211800,Charlie,Paris,BANANAS,SEASHELLS,4895.0,1
212300,Paris,Gina,PEARLS,SEASHELLS,9998.0,1
212300,Paris,Caesar,BANANAS,SEASHELLS,4896.0,1
212800,Pablo,Paris,BANANAS,SEASHELLS,4897.0,1
212800,Paris,Pablo,BERRIES,SEASHELLS,3967.0,5
213000,Charlie,Paris,PEARLS,SEASHELLS,9998.0,1
213200,Camilla,Paris,DIVING_GEAR,SEASHELLS,99504.0,3
213700,Camilla,Paris,BERRIES,SEASHELLS,3967.0,9
213800,Gary,Caesar,BANANAS,SEASHELLS,4900.0,2
213800,Camilla,Paris,DIVING_GEAR,SEASHELLS,99514.0,3
213900,Charlie,Pablo,PEARLS,SEASHELLS,9998.0,3
213900,Charlie,Paris,BANANAS,SEASHELLS,4894.0,1
214100,Charlie,Pablo,PEARLS,SEASHELLS,9998.0,1
214100,Charlie,Paris,PEARLS,SEASHELLS,9998.0,1
214200,Charlie,Camilla,DIVING_GEAR,SEASHELLS,99513.0,2
214200,Camilla,Paris,BERRIES,SEASHELLS,3966.0,6
214500,Camilla,Paris,PEARLS,SEASHELLS,9998.0,1
214500,Camilla,Pablo,PEARLS,SEASHELLS,9998.0,3
214600,Peter,Penelope,BERRIES,SEASHELLS,3969.0,1
214700,Caesar,Penelope,PEARLS,SEASHELLS,9996.0,2
215000,Penelope,Camilla,BANANAS,SEASHELLS,4900.0,2
215100,Gary,Camilla,BANANAS,SEASHELLS,4900.0,6
215100,Gary,Charlie,BANANAS,SEASHELLS,4900.0,14
215100,Charlie,Paris,PEARLS,SEASHELLS,9998.0,1
215200,Charlie,Paris,DIVING_GEAR,SEASHELLS,99517.0,2
215500,Pablo,Charlie,BANANAS,SEASHELLS,4900.0,4
215700,Charlie,Pablo,PINA_COLADAS,SEASHELLS,15180.0,13
215800,Charlie,Paris,BANANAS,SEASHELLS,4896.0,1
216000,Charlie,Paris,BANANAS,SEASHELLS,4896.0,1
216100,Paris,Camilla,BANANAS,SEASHELLS,4902.0,1
216100,Paris,Camilla,PEARLS,SEASHELLS,10002.0,1
216600,Charlie,Paris,PEARLS,SEASHELLS,9998.0,1
216700,Pablo,Charlie,BANANAS,SEASHELLS,4900.0,2
216700,Penelope,Charlie,BANANAS,SEASHELLS,4903.0,5
217100,Caesar,Gary,PEARLS,SEASHELLS,9996.0,1
217100,Caesar,Gina,BANANAS,SEASHELLS,4897.0,5
217300,Charlie,Camilla,DIVING_GEAR,SEASHELLS,99523.0,1
217500,Charlie,Gina,BANANAS,SEASHELLS,4898.0,9
217500,Caesar,Paris,PEARLS,SEASHELLS,9996.0,1
217500,Charlie,Paris,BANANAS,SEASHELLS,4897.0,1
217700,Paris,Camilla,BERRIES,SEASHELLS,3976.0,10
217700,Paris,Camilla,BANANAS,SEASHELLS,4901.0,1
217700,Camilla,Paris,DIVING_GEAR,SEASHELLS,99508.0,2
217800,Caesar,Penelope,PEARLS,SEASHELLS,9996.0,1
217900,Pablo,Charlie,BANANAS,SEASHELLS,4900.0,5
217900,Penelope,Charlie,BANANAS,SEASHELLS,4902.0,8
218700,Gary,Camilla,BERRIES,SEASHELLS,3976.0,11
218900,Paris,Camilla,DIVING_GEAR,SEASHELLS,99482.0,3
219300,Paris,Camilla,BERRIES,SEASHELLS,3976.0,7
219400,Paris,Caesar,PEARLS,SEASHELLS,10004.0,1
219400,Paris,Charlie,BANANAS,SEASHELLS,4899.0,1
219400,Paris,Charlie,BANANAS,SEASHELLS,4901.0,1
219500,Charlie,Pablo,COCONUTS,SEASHELLS,8080.0,15
219600,Paris,Charlie,BANANAS,SEASHELLS,4899.0,1
220100,Gary,Charlie,BANANAS,SEASHELLS,4900.0,12
220200,Caesar,Caesar,COCONUTS,SEASHELLS,8086.0,47
220200,Caesar,Caesar,COCONUTS,SEASHELLS,8086.0,14
220400,Caesar,Peter,PINA_COLADAS,SEASHELLS,15183.0,5
220400,Camilla,Paris,BERRIES,SEASHELLS,3970.0,10
220800,Peter,Charlie,COCONUTS,SEASHELLS,8087.0,6
220900,Paris,Charlie,DIVING_GEAR,SEASHELLS,99458.0,2
221100,Paris,Camilla,BANANAS,SEASHELLS,4898.0,1
221100,Paris,Camilla,BERRIES,SEASHELLS,3976.0,6
221100,Paris,Camilla,PEARLS,SEASHELLS,10002.0,1
221200,Paris,Charlie,PEARLS,SEASHELLS,10002.0,1
221200,Charlie,Paris,BANANAS,SEASHELLS,4894.0,1
221600,Camilla,Camilla,DIVING_GEAR,SEASHELLS,99451.0,3
221800,Peter,Charlie,COCONUTS,SEASHELLS,8090.0,10
222200,Camilla,Pablo,PEARLS,SEASHELLS,9998.0,2
222500,Caesar,Peter,PINA_COLADAS,SEASHELLS,15176.0,5
222800,Charlie,Pablo,PINA_COLADAS,SEASHELLS,15172.0,11
222800,Paris,Charlie,BANANAS,SEASHELLS,4900.0,1
223000,Charlie,Paris,BANANAS,SEASHELLS,4895.0,1
223100,Caesar,Pablo,PEARLS,SEASHELLS,9998.0,2
223200,Paris,Camilla,DIVING_GEAR,SEASHELLS,99473.0,3
223300,Pablo,Paris,BERRIES,SEASHELLS,3971.0,2
223400,Gina,Charlie,BANANAS,SEASHELLS,4902.0,7
223600,Paris,Camilla,PEARLS,SEASHELLS,10002.0,1
223700,Paris,Charlie,PEARLS,SEASHELLS,10005.0,1
223700,Paris,Charlie,BANANAS,SEASHELLS,4903.0,1
223800,Paris,Charlie,PEARLS,SEASHELLS,10002.0,1
223800,Charlie,Paris,BANANAS,SEASHELLS,4897.0,1
224100,Peter,Charlie,COCONUTS,SEASHELLS,8088.0,10
224500,Camilla,Camilla,DIVING_GEAR,SEASHELLS,99466.0,2
224500,Paris,Charlie,PEARLS,SEASHELLS,10002.0,1
224600,Penelope,Caesar,PEARLS,SEASHELLS,10004.0,1
224600,Paris,Charlie,BANANAS,SEASHELLS,4903.0,1
224600,Paris,Charlie,PEARLS,SEASHELLS,10005.0,1
225000,Caesar,Penelope,PEARLS,SEASHELLS,9996.0,1
225600,Charlie,Penelope,BANANAS,SEASHELLS,4894.0,2
225700,Camilla,Gary,BERRIES,SEASHELLS,3963.0,10
225700,Pablo,Charlie,PEARLS,SEASHELLS,10002.0,1
225700,Camilla,Paris,BANANAS,SEASHELLS,4895.0,1
225800,Charlie,Pablo,COCONUTS,SEASHELLS,8085.0,20
226100,Camilla,Penelope,BERRIES,SEASHELLS,3963.0,14
226100,Paris,Pablo,PEARLS,SEASHELLS,9998.0,1
226100,Charlie,Pablo,PEARLS,SEASHELLS,9998.0,4
226300,Charlie,Camilla,DIVING_GEAR,SEASHELLS,99471.0,2
226300,Charlie,Paris,DIVING_GEAR,SEASHELLS,99471.0,3
226700,Gary,Charlie,BANANAS,SEASHELLS,4899.0,13
226700,Camilla,Paris,BANANAS,SEASHELLS,4893.0,2
226700,Camilla,Paris,PEARLS,SEASHELLS,9998.0,2
227300,Charlie,Paris,PEARLS,SEASHELLS,9998.0,1
227500,Camilla,Paris,DIVING_GEAR,SEASHELLS,99482.0,2
227700,Charlie,Caesar,BANANAS,SEASHELLS,4895.0,6
227700,Caesar,Paris,PEARLS,SEASHELLS,9996.0,1
227700,Caesar,Paris,BANANAS,SEASHELLS,4893.0,1
227900,Paris,Charlie,DIVING_GEAR,SEASHELLS,99485.0,3
228000,Paris,Charlie,DIVING_GEAR,SEASHELLS,99485.0,3
228400,Charlie,Paris,BANANAS,SEASHELLS,4892.0,1
228800,Charlie,Paris,DIVING_GEAR,SEASHELLS,99490.0,3
228800,Penelope,Camilla,BANANAS,SEASHELLS,4896.0,2
228900,Gina,Camilla,BANANAS,SEASHELLS,4896.0,5
229100,Paris,Camilla,BERRIES,SEASHELLS,3968.0,5
229400,Charlie,Paris,PEARLS,SEASHELLS,9998.0,1
229600,Paris,Camilla,PEARLS,SEASHELLS,10002.0,1
229700,Paris,Charlie,BANANAS,SEASHELLS,4896.0,1
229700,Penelope,Camilla,BERRIES,SEASHELLS,3967.0,11
229800,Paris,Charlie,DIVING_GEAR,SEASHELLS,99479.0,1
230000,Charlie,Paris,BANANAS,SEASHELLS,4891.0,1
230100,Charlie,Paris,BANANAS,SEASHELLS,4892.0,1
230300,Caesar,Gary,PEARLS,SEASHELLS,9996.0,1
230300,Charlie,Gary,PEARLS,SEASHELLS,9996.0,9
230300,Caesar,Peter,COCONUTS,SEASHELLS,8088.0,5
230400,Paris,Camilla,PEARLS,SEASHELLS,10002.0,1
230400,Paris,Camilla,BANANAS,SEASHELLS,4897.0,1
230500,Charlie,Paris,BANANAS,SEASHELLS,4893.0,1
230600,Charlie,Paris,DIVING_GEAR,SEASHELLS,99478.0,3
230700,Penelope,Charlie,BANANAS,SEASHELLS,4900.0,6
230900,Paris,Caesar,PEARLS,SEASHELLS,10004.0,1
230900,Caesar,Caesar,PINA_COLADAS,SEASHELLS,15148.0,20
230900,Paris,Caesar,BANANAS,SEASHELLS,4900.0,1
230900,Charlie,Camilla,DIVING_GEAR,SEASHELLS,99475.0,3
231100,Charlie,Peter,COCONUTS,SEASHELLS,8086.0,8
231300,Camilla,Paris,PEARLS,SEASHELLS,9998.0,1
231600,Charlie,Paris,BANANAS,SEASHELLS,4894.0,1
231700,Caesar,Paris,BANANAS,SEASHELLS,4894.0,1
231700,Penelope,Caesar,PEARLS,SEASHELLS,10000.0,4
231800,Camilla,Paris,DIVING_GEAR,SEASHELLS,99446.0,3
231800,Peter,Charlie,PINA_COLADAS,SEASHELLS,15150.0,3
231800,Camilla,Camilla,DIVING_GEAR,SEASHELLS,99446.0,1
232100,Charlie,Paris,DIVING_GEAR,SEASHELLS,99440.0,2
232100,Paris,Charlie,PEARLS,SEASHELLS,10002.0,1
232200,Penelope,Charlie,BANANAS,SEASHELLS,4900.0,12
232200,Paris,Camilla,DIVING_GEAR,SEASHELLS,99439.0,1
232300,Caesar,Pablo,COCONUTS,SEASHELLS,8085.0,21
232300,Paris,Camilla,BANANAS,SEASHELLS,4898.0,1
232300,Paris,Camilla,PEARLS,SEASHELLS,10002.0,1
232400,Charlie,Peter,PINA_COLADAS,SEASHELLS,15142.0,5
232600,Paris,Camilla,BERRIES,SEASHELLS,3963.0,1
232600,Paris,Pablo,PEARLS,SEASHELLS,9998.0,1
232600,Paris,Caesar,BANANAS,SEASHELLS,4899.0,1
232600,Camilla,Pablo,PEARLS,SEASHELLS,9998.0,2
233000,Pablo,Charlie,BANANAS,SEASHELLS,4896.0,5
233500,Penelope,Camilla,BERRIES,SEASHELLS,3963.0,14
233900,Paris,Camilla,BANANAS,SEASHELLS,4897.0,1
234100,Penelope,Charlie,BANANAS,SEASHELLS,4899.0,5
234200,Charlie,Paris,BANANAS,SEASHELLS,4892.0,1
234300,Camilla,Paris,BERRIES,SEASHELLS,3955.0,9
234300,Charlie,Paris,BANANAS,SEASHELLS,4892.0,1
234300,Charlie,Paris,PEARLS,SEASHELLS,9995.0,1
234400,Penelope,Charlie,BANANAS,SEASHELLS,4898.0,2
234500,Camilla,Paris,BERRIES,SEASHELLS,3955.0,9
234500,Charlie,Paris,PEARLS,SEASHELLS,9998.0,1
234700,Paris,Charlie,PEARLS,SEASHELLS,10004.0,1
234700,Paris,Caesar,PEARLS,SEASHELLS,10004.0,1
234700,Paris,Charlie,BANANAS,SEASHELLS,4899.0,2
234800,Charlie,Pablo,PINA_COLADAS,SEASHELLS,15143.0,13
234800,Camilla,Paris,PEARLS,SEASHELLS,9998.0,1
235200,Charlie,Penelope,PEARLS,SEASHELLS,9995.0,8
235300,Camilla,Penelope,BERRIES,SEASHELLS,3955.0,10
235400,Camilla,Gina,BANANAS,SEASHELLS,4892.0,7
235400,Charlie,Gina,BANANAS,SEASHELLS,4892.0,3
236200,Charlie,Pablo,PEARLS,SEASHELLS,9998.0,1
236300,Charlie,Gary,BANANAS,SEASHELLS,4892.0,15
236400,Charlie,Paris,PEARLS,SEASHELLS,9998.0,1
236800,Charlie,Paris,PEARLS,SEASHELLS,9998.0,1
237000,Paris,Pablo,PEARLS,SEASHELLS,9998.0,1
237000,Paris,Caesar,BANANAS,SEASHELLS,4897.0,1
237000,Charlie,Pablo,PEARLS,SEASHELLS,9998.0,3
237300,Camilla,Paris,DIVING_GEAR,SEASHELLS,99465.0,2
237300,Charlie,Paris,BANANAS,SEASHELLS,4890.0,1
237300,Caesar,Paris,PEARLS,SEASHELLS,9996.0,1
237400,Charlie,Paris,BANANAS,SEASHELLS,4890.0,1
237400,Charlie,Paris,PEARLS,SEASHELLS,9998.0,1
237700,Charlie,Peter,PINA_COLADAS,SEASHELLS,15136.0,3
237700,Camilla,Paris,PEARLS,SEASHELLS,9998.0,1
238000,Charlie,Paris,BANANAS,SEASHELLS,4891.0,1
238200,Camilla,Camilla,DIVING_GEAR,SEASHELLS,99470.0,3
238300,Camilla,Gary,PEARLS,SEASHELLS,9998.0,5
238700,Paris,Caesar,PEARLS,SEASHELLS,10004.0,1
238700,Paris,Camilla,BERRIES,SEASHELLS,3969.0,3
238700,Paris,Charlie,BANANAS,SEASHELLS,4897.0,1
238700,Charlie,Paris,BANANAS,SEASHELLS,4891.0,1
238700,Paris,Charlie,PEARLS,SEASHELLS,10002.0,1
239300,Gary,Caesar,PEARLS,SEASHELLS,10004.0,1
239300,Charlie,Peter,COCONUTS,SEASHELLS,8085.0,6
239300,Paris,Charlie,BANANAS,SEASHELLS,4898.0,1
239300,Gary,Charlie,PEARLS,SEASHELLS,10004.0,8
239300,Paris,Charlie,PEARLS,SEASHELLS,10005.0,1
239600,Penelope,Camilla,BERRIES,SEASHELLS,3969.0,12
239900,Pablo,Camilla,BANANAS,SEASHELLS,4897.0,5
240100,Camilla,Pablo,PEARLS,SEASHELLS,9998.0,3
240100,Charlie,Pablo,COCONUTS,SEASHELLS,8083.0,12
240200,Gary,Caesar,PEARLS,SEASHELLS,10000.0,2
240200,Camilla,Camilla,DIVING_GEAR,SEASHELLS,99443.0,3
240200,Penelope,Camilla,PEARLS,SEASHELLS,10002.0,5
240700,Paris,Charlie,BANANAS,SEASHELLS,4899.0,1
240900,Camilla,Gary,BERRIES,SEASHELLS,3960.0,19
241000,Charlie,Pablo,PEARLS,SEASHELLS,9998.0,5
241100,Caesar,Caesar,COCONUTS,SEASHELLS,8083.0,47
241200,Penelope,Charlie,PEARLS,SEASHELLS,10004.0,6
241200,Penelope,Caesar,PEARLS,SEASHELLS,10004.0,2
241400,Camilla,Paris,PEARLS,SEASHELLS,9998.0,1
241400,Camilla,Camilla,DIVING_GEAR,SEASHELLS,99436.0,3
242000,Charlie,Paris,PEARLS,SEASHELLS,9998.0,1
242400,Penelope,Caesar,PEARLS,SEASHELLS,10004.0,1
242700,Paris,Camilla,BERRIES,SEASHELLS,3968.0,5
243000,Charlie,Paris,BANANAS,SEASHELLS,4894.0,1
243500,Charlie,Penelope,BANANAS,SEASHELLS,4893.0,7
243500,Pablo,Charlie,PEARLS,SEASHELLS,10002.0,1
243600,Camilla,Paris,PEARLS,SEASHELLS,9998.0,1
243900,Penelope,Camilla,BANANAS,SEASHELLS,4896.0,1
243900,Charlie,Paris,PEARLS,SEASHELLS,9998.0,1
243900,Penelope,Charlie,BANANAS,SEASHELLS,4896.0,4
244100,Caesar,Paris,BANANAS,SEASHELLS,4892.0,1
244100,Caesar,Gary,PEARLS,SEASHELLS,9996.0,1
244300,Charlie,Paris,BANANAS,SEASHELLS,4891.0,1
244400,Charlie,Penelope,BANANAS,SEASHELLS,4892.0,10
244500,Caesar,Penelope,BANANAS,SEASHELLS,4892.0,1
245200,Charlie,Paris,BANANAS,SEASHELLS,4892.0,1
245300,Paris,Charlie,PEARLS,SEASHELLS,10002.0,1
245700,Charlie,Penelope,BANANAS,SEASHELLS,4892.0,6
246000,Paris,Charlie,BANANAS,SEASHELLS,4897.0,1
246200,Gary,Charlie,BANANAS,SEASHELLS,4898.0,15
246500,Caesar,Pablo,COCONUTS,SEASHELLS,8077.0,18
246500,Camilla,Paris,DIVING_GEAR,SEASHELLS,99468.0,3
246800,Caesar,Caesar,PINA_COLADAS,SEASHELLS,15130.0,26
247000,Pablo,Charlie,PEARLS,SEASHELLS,10002.0,5
247000,Charlie,Paris,BANANAS,SEASHELLS,4890.0,1
247000,Charlie,Penelope,BANANAS,SEASHELLS,4890.0,12
247100,Camilla,Camilla,DIVING_GEAR,SEASHELLS,99445.0,2
247200,Paris,Camilla,BANANAS,SEASHELLS,4895.0,1
247500,Charlie,Penelope,PEARLS,SEASHELLS,9995.0,8
247600,Charlie,Penelope,PEARLS,SEASHELLS,9995.0,7
247600,Charlie,Peter,PINA_COLADAS,SEASHELLS,15131.0,2
247900,Charlie,Penelope,BANANAS,SEASHELLS,4888.0,4
248100,Camilla,Paris,PEARLS,SEASHELLS,9998.0,2
248100,Paris,Paris,BANANAS,SEASHELLS,4892.0,1
248200,Camilla,Camilla,DIVING_GEAR,SEASHELLS,99429.0,1
248200,Charlie,Paris,BANANAS,SEASHELLS,4887.0,1
248300,Paris,Camilla,BERRIES,SEASHELLS,3969.0,1
248300,Paris,Charlie,DIVING_GEAR,SEASHELLS,99436.0,2
248400,Charlie,Pablo,BANANAS,SEASHELLS,4888.0,3
248400,Paris,Pablo,BANANAS,SEASHELLS,4888.0,2
248400,Paris,Charlie,PEARLS,SEASHELLS,10005.0,2
248700,Penelope,Charlie,PEARLS,SEASHELLS,10005.0,4
248800,Caesar,Paris,BANANAS,SEASHELLS,4887.0,1
248900,Camilla,Paris,BANANAS,SEASHELLS,4887.0,1
249000,Gary,Camilla,BERRIES,SEASHELLS,3971.0,18
249100,Charlie,Paris,PEARLS,SEASHELLS,9998.0,1
249200,Charlie,Caesar,BANANAS,SEASHELLS,4889.0,3
249400,Charlie,Paris,BANANAS,SEASHELLS,4887.0,1
249400,Charlie,Pablo,PEARLS,SEASHELLS,9998.0,4
249500,Camilla,Paris,PEARLS,SEASHELLS,9998.0,1
249600,Charlie,Pablo,BANANAS,SEASHELLS,4888.0,1
249700,Caesar,Gary,PEARLS,SEASHELLS,9996.0,1
249700,Paris,Camilla,PEARLS,SEASHELLS,10002.0,1
250000,Pablo,Charlie,PEARLS,SEASHELLS,10002.0,5
250100,Paris,Camilla,DIVING_GEAR,SEASHELLS,99463.0,3
250200,Charlie,Gary,PEARLS,SEASHELLS,9995.0,9
250300,Paris,Charlie,DIVING_GEAR,SEASHELLS,99471.0,2
250400,Paris,Pablo,BANANAS,SEASHELLS,4887.0,2
250400,Charlie,Pablo,BANANAS,SEASHELLS,4887.0,2
250400,Paris,Paris,PEARLS,SEASHELLS,9998.0,1
250500,Caesar,Caesar,COCONUTS,SEASHELLS,8083.0,47
250900,Camilla,Penelope,BERRIES,SEASHELLS,3961.0,10
251000,Camilla,Penelope,BERRIES,SEASHELLS,3961.0,15
251400,Paris,Charlie,BANANAS,SEASHELLS,4892.0,1
251400,Charlie,Pablo,PINA_COLADAS,SEASHELLS,15131.0,7
251700,Paris,Charlie,BANANAS,SEASHELLS,4892.0,1
252000,Charlie,Paris,BANANAS,SEASHELLS,4888.0,1
252000,Charlie,Paris,PEARLS,SEASHELLS,9998.0,1
252200,Penelope,Camilla,BANANAS,SEASHELLS,4893.0,1
252600,Penelope,Camilla,BERRIES,SEASHELLS,3971.0,15
252600,Paris,Camilla,BERRIES,SEASHELLS,3971.0,1
252700,Paris,Camilla,BANANAS,SEASHELLS,4893.0,1
252800,Paris,Caesar,BANANAS,SEASHELLS,4894.0,1
252800,Paris,Caesar,PEARLS,SEASHELLS,10004.0,1
253100,Paris,Caesar,BANANAS,SEASHELLS,4894.0,1
253100,Paris,Caesar,PEARLS,SEASHELLS,10004.0,1
253200,Charlie,Peter,PINA_COLADAS,SEASHELLS,15108.0,4
253200,Charlie,Peter,COCONUTS,SEASHELLS,8070.0,6
253400,Charlie,Paris,BANANAS,SEASHELLS,4888.0,1
253500,Paris,Camilla,BERRIES,SEASHELLS,3971.0,7
253600,Paris,Camilla,BANANAS,SEASHELLS,4893.0,1
253800,Paris,Camilla,PEARLS,SEASHELLS,10002.0,1
254000,Charlie,Paris,BANANAS,SEASHELLS,4889.0,1
254100,Pablo,Charlie,BANANAS,SEASHELLS,4893.0,3
254200,Gary,Caesar,PEARLS,SEASHELLS,10004.0,1
254200,Gary,Charlie,PEARLS,SEASHELLS,10004.0,10
254500,Camilla,Paris,BERRIES,SEASHELLS,3965.0,8
254800,Caesar,Penelope,PEARLS,SEASHELLS,9996.0,2
254900,Caesar,Pablo,PEARLS,SEASHELLS,9998.0,2
255100,Paris,Camilla,BANANAS,SEASHELLS,4893.0,1
255100,Caesar,Pablo,PEARLS,SEASHELLS,9998.0,1
255200,Peter,Charlie,PINA_COLADAS,SEASHELLS,15121.0,4
255500,Paris,Charlie,BANANAS,SEASHELLS,4895.0,1
255500,Paris,Charlie,PEARLS,SEASHELLS,10005.0,1
255500,Charlie,Paris,BANANAS,SEASHELLS,4888.0,1
255700,Caesar,Caesar,PINA_COLADAS,SEASHELLS,15121.0,26
255700,Paris,Charlie,DIVING_GEAR,SEASHELLS,99450.0,2
255800,Charlie,Pablo,PEARLS,SEASHELLS,9998.0,5
255900,Caesar,Paris,PEARLS,SEASHELLS,9998.0,1
255900,Charlie,Camilla,DIVING_GEAR,SEASHELLS,99443.0,3
256000,Paris,Charlie,BANANAS,SEASHELLS,4893.0,1
256000,Charlie,Pablo,PINA_COLADAS,SEASHELLS,15119.0,5
256100,Camilla,Pablo,PEARLS,SEASHELLS,9998.0,4
256100,Camilla,Paris,BANANAS,SEASHELLS,4888.0,1
256200,Paris,Penelope,BANANAS,SEASHELLS,4893.0,1
256400,Camilla,Paris,BANANAS,SEASHELLS,4888.0,1
256500,Pablo,Paris,BANANAS,SEASHELLS,4892.0,1
256600,Paris,Camilla,DIVING_GEAR,SEASHELLS,99455.0,2
256900,Charlie,Camilla,DIVING_GEAR,SEASHELLS,99465.0,2
257000,Charlie,Pablo,PINA_COLADAS,SEASHELLS,15116.0,10
257100,Charlie,Paris,DIVING_GEAR,SEASHELLS,99472.0,3
257200,Charlie,Pablo,COCONUTS,SEASHELLS,8071.0,11
257200,Charlie,Paris,BANANAS,SEASHELLS,4891.0,1
257300,Paris,Charlie,DIVING_GEAR,SEASHELLS,99492.0,1
257400,Charlie,Pablo,PEARLS,SEASHELLS,9998.0,4
257500,Paris,Charlie,PEARLS,SEASHELLS,10002.0,1
257800,Charlie,Penelope,PEARLS,SEASHELLS,9995.0,6
257800,Gina,Charlie,BANANAS,SEASHELLS,4895.0,9
257900,Paris,Paris,PEARLS,SEASHELLS,9998.0,1
257900,Paris,Charlie,BANANAS,SEASHELLS,4897.0,2
258000,Camilla,Pablo,PEARLS,SEASHELLS,9998.0,5
258300,Pablo,Caesar,COCONUTS,SEASHELLS,8072.0,24
258500,Paris,Camilla,PEARLS,SEASHELLS,10002.0,2
258500,Pablo,Camilla,PEARLS,SEASHELLS,10002.0,2
258500,Paris,Camilla,BANANAS,SEASHELLS,4897.0,2
258600,Camilla,Penelope,BERRIES,SEASHELLS,3962.0,15
258600,Charlie,Pablo,BANANAS,SEASHELLS,4893.0,5
258800,Penelope,Charlie,BANANAS,SEASHELLS,4900.0,3
258800,Pablo,Charlie,BANANAS,SEASHELLS,4897.0,3
258800,Caesar,Pablo,PINA_COLADAS,SEASHELLS,15117.0,6
258900,Pablo,Paris,PEARLS,SEASHELLS,10002.0,1
258900,Camilla,Paris,BANANAS,SEASHELLS,4893.0,1
259000,Paris,Caesar,BANANAS,SEASHELLS,4899.0,2
259000,Paris,Caesar,PEARLS,SEASHELLS,10004.0,2
259100,Paris,Charlie,DIVING_GEAR,SEASHELLS,99504.0,3
259400,Camilla,Paris,BANANAS,SEASHELLS,4892.0,1
259600,Caesar,Caesar,COCONUTS,SEASHELLS,8067.0,22
259600,Caesar,Caesar,COCONUTS,SEASHELLS,8067.0,52
259700,Caesar,Caesar,COCONUTS,SEASHELLS,8067.0,42
259700,Caesar,Caesar,COCONUTS,SEASHELLS,8067.0,12
259700,Camilla,Paris,BANANAS,SEASHELLS,4891.0,1
259800,Charlie,Peter,COCONUTS,SEASHELLS,8066.0,6
259900,Camilla,Camilla,DIVING_GEAR,SEASHELLS,99482.0,2
260300,Paris,Camilla,PEARLS,SEASHELLS,10002.0,1
260300,Penelope,Camilla,BERRIES,SEASHELLS,3972.0,11
260700,Camilla,Paris,PEARLS,SEASHELLS,9998.0,1
260700,Camilla,Paris,BANANAS,SEASHELLS,4892.0,1
260800,Paris,Charlie,BANANAS,SEASHELLS,4897.0,1
261000,Charlie,Paris,DIVING_GEAR,SEASHELLS,99487.0,3
261300,Penelope,Camilla,BERRIES,SEASHELLS,3975.0,11
261400,Caesar,Paris,BANANAS,SEASHELLS,4892.0,1
261600,Charlie,Pablo,PEARLS,SEASHELLS,9998.0,5
261800,Charlie,Paris,BANANAS,SEASHELLS,4891.0,1
261800,Charlie,Paris,PEARLS,SEASHELLS,9995.0,1
262100,Paris,Charlie,PEARLS,SEASHELLS,10002.0,1
262100,Camilla,Paris,BANANAS,SEASHELLS,4891.0,1
262600,Camilla,Paris,DIVING_GEAR,SEASHELLS,99474.0,3
262700,Camilla,Paris,BANANAS,SEASHELLS,4890.0,1
262700,Charlie,Caesar,BANANAS,SEASHELLS,4892.0,2
262700,Camilla,Paris,DIVING_GEAR,SEASHELLS,99476.0,1
263100,Charlie,Penelope,BANANAS,SEASHELLS,4890.0,10
263200,Penelope,Caesar,PEARLS,SEASHELLS,10004.0,2
263300,Penelope,Camilla,BERRIES,SEASHELLS,3977.0,13
263300,Caesar,Penelope,BANANAS,SEASHELLS,4890.0,1
263300,Camilla,Pablo,PEARLS,SEASHELLS,9998.0,2
263300,Charlie,Penelope,BANANAS,SEASHELLS,4890.0,6
263300,Charlie,Pablo,PEARLS,SEASHELLS,9998.0,1
263300,Camilla,Penelope,BANANAS,SEASHELLS,4890.0,2
263900,Pablo,Charlie,PEARLS,SEASHELLS,10002.0,1
263900,Pablo,Camilla,PEARLS,SEASHELLS,10002.0,4
264100,Paris,Charlie,PEARLS,SEASHELLS,10005.0,2
264100,Paris,Charlie,BANANAS,SEASHELLS,4897.0,2
264500,Camilla,Paris,PEARLS,SEASHELLS,9998.0,1
264500,Camilla,Paris,DIVING_GEAR,SEASHELLS,99519.0,3
264700,Charlie,Paris,PEARLS,SEASHELLS,9998.0,1
264700,Gary,Camilla,BERRIES,SEASHELLS,3978.0,16
264700,Charlie,Pablo,PEARLS,SEASHELLS,9998.0,4
264800,Gary,Caesar,PEARLS,SEASHELLS,10004.0,2
264800,Gary,Camilla,BERRIES,SEASHELLS,3977.0,20
264900,Camilla,Paris,BERRIES,SEASHELLS,3969.0,4
264900,Caesar,Caesar,COCONUTS,SEASHELLS,8066.0,47
265200,Paris,Camilla,BANANAS,SEASHELLS,4895.0,1
265600,Charlie,Paris,PEARLS,SEASHELLS,9998.0,1
265800,Penelope,Caesar,BANANAS,SEASHELLS,4895.0,1
265900,Charlie,Penelope,PEARLS,SEASHELLS,9995.0,4
266000,Charlie,Paris,PEARLS,SEASHELLS,9998.0,1
266600,Paris,Caesar,BANANAS,SEASHELLS,4895.0,1
266700,Paris,Charlie,PEARLS,SEASHELLS,10005.0,2
266700,Paris,Charlie,BANANAS,SEASHELLS,4897.0,2
266900,Camilla,Camilla,DIVING_GEAR,SEASHELLS,99568.0,3
267100,Pablo,Charlie,PEARLS,SEASHELLS,10002.0,2
267400,Charlie,Pablo,COCONUTS,SEASHELLS,8061.0,29
267800,Paris,Pablo,BANANAS,SEASHELLS,4893.0,1
267900,Penelope,Caesar,PEARLS,SEASHELLS,10004.0,1
267900,Penelope,Charlie,PEARLS,SEASHELLS,10004.0,4
267900,Paris,Charlie,DIVING_GEAR,SEASHELLS,99591.0,3
268200,Paris,Charlie,BANANAS,SEASHELLS,4898.0,2
268200,Paris,Charlie,PEARLS,SEASHELLS,10005.0,2
268200,Charlie,Paris,BANANAS,SEASHELLS,4891.0,1
268300,Charlie,Pablo,BANANAS,SEASHELLS,4892.0,1
268300,Charlie,Paris,BANANAS,SEASHELLS,4891.0,1
268300,Charlie,Paris,PEARLS,SEASHELLS,9995.0,1
268400,Peter,Charlie,PINA_COLADAS,SEASHELLS,15076.0,5
268400,Paris,Charlie,BANANAS,SEASHELLS,4896.0,1
268500,Charlie,Paris,BANANAS,SEASHELLS,4891.0,1
268600,Caesar,Caesar,PINA_COLADAS,SEASHELLS,15073.0,25
269100,Camilla,Camilla,DIVING_GEAR,SEASHELLS,99550.0,3
269200,Paris,Penelope,BANANAS,SEASHELLS,4895.0,1
269300,Paris,Charlie,DIVING_GEAR,SEASHELLS,99555.0,1
269400,Charlie,Paris,BANANAS,SEASHELLS,4890.0,1
269400,Camilla,Paris,BERRIES,SEASHELLS,3968.0,10
269500,Charlie,Pablo,BANANAS,SEASHELLS,4891.0,4
269700,Paris,Charlie,BANANAS,SEASHELLS,4895.0,1
270100,Camilla,Paris,BERRIES,SEASHELLS,3969.0,2
270100,Caesar,Penelope,PEARLS,SEASHELLS,9996.0,2
270100,Charlie,Paris,PEARLS,SEASHELLS,9998.0,1
270100,Charlie,Penelope,PEARLS,SEASHELLS,9996.0,4
270300,Camilla,Camilla,DIVING_GEAR,SEASHELLS,99553.0,2
270500,Caesar,Pablo,COCONUTS,SEASHELLS,8062.0,23
270500,Paris,Camilla,BANANAS,SEASHELLS,4896.0,1
270500,Paris,Camilla,PEARLS,SEASHELLS,10002.0,1
270600,Paris,Camilla,BERRIES,SEASHELLS,3976.0,1
271400,Paris,Charlie,PEARLS,SEASHELLS,10002.0,1
271500,Penelope,Charlie,PEARLS,SEASHELLS,10005.0,6
271500,Camilla,Penelope,BERRIES,SEASHELLS,3964.0,15
271600,Caesar,Pablo,BANANAS,SEASHELLS,4890.0,5
271900,Camilla,Paris,BERRIES,SEASHELLS,3964.0,7
272500,Caesar,Paris,PEARLS,SEASHELLS,9996.0,2
272500,Charlie,Paris,BANANAS,SEASHELLS,4889.0,2
272900,Charlie,Paris,BANANAS,SEASHELLS,4888.0,1
273100,Pablo,Charlie,PEARLS,SEASHELLS,10002.0,2
273500,Charlie,Gary,PEARLS,SEASHELLS,9995.0,10
273500,Paris,Camilla,PEARLS,SEASHELLS,10002.0,1
273700,Gary,Caesar,PEARLS,SEASHELLS,10004.0,1
273900,Peter,Charlie,COCONUTS,SEASHELLS,8070.0,7
274000,Caesar,Penelope,PEARLS,SEASHELLS,9996.0,1
274300,Paris,Caesar,BANANAS,SEASHELLS,4896.0,1
274300,Paris,Caesar,PEARLS,SEASHELLS,10004.0,1
274600,Charlie,Paris,DIVING_GEAR,SEASHELLS,99513.0,3
274700,Camilla,Camilla,DIVING_GEAR,SEASHELLS,99506.0,3
274900,Caesar,Paris,PEARLS,SEASHELLS,9996.0,2
274900,Charlie,Paris,BANANAS,SEASHELLS,4890.0,2
275200,Paris,Charlie,DIVING_GEAR,SEASHELLS,99511.0,2
275500,Caesar,Penelope,PEARLS,SEASHELLS,9996.0,1
275600,Paris,Camilla,DIVING_GEAR,SEASHELLS,99489.0,1
275600,Charlie,Paris,PEARLS,SEASHELLS,9998.0,1
275700,Charlie,Caesar,BANANAS,SEASHELLS,4892.0,4
275700,Charlie,Paris,PEARLS,SEASHELLS,9998.0,1
276000,Charlie,Pablo,BANANAS,SEASHELLS,4891.0,4
276300,Paris,Charlie,BANANAS,SEASHELLS,4897.0,1
